3214 5074
228 1415 376 1538 Conanti
400 1473 477 1534 mihi
502 1472 640 1536 scribere
669 1474 871 1556 quaestiones
903 1469 1143 1554 chronologicas
1174 1475 1214 1538 ad
1239 1473 1400 1536 Ciceronis

225 1580 377 1662 epistulas
397 1581 591 1662 pertinentes
612 1600 674 1646 non
696 1581 806 1643 videor
825 1581 963 1644 laborem
989 1582 1180 1664 suscepisse,
1204 1583 1297 1644 euius
1321 1600 1400 1664 opus

225 1688 266 1750 sit
296 1687 427 1760 reddere
458 1690 626 1768 rationem,
656 1690 841 1772 praesertim
873 1709 946 1752 cum
976 1689 1027 1752 vir
1057 1689 1274 1770 doctissimus,
1305 1687 1339 1752 Ο.
1364 1687 1398 1752 Ε.

224 1793 521 1878 Schmidtius,¹)
554 1794 701 1878 pluribus
733 1795 839 1858 verbis
869 1797 1052 1879 nuperrime
1076 1797 1272 1880 exposuerit,
1304 1815 1397 1878 quam

223 1903 402 1965 necessaria
435 1909 518 1966 esset
534 1982 538 1989 Ι
553 1903 674 1965 homini
713 1904 747 1964 in
787 1904 919 1966 historia
959 1903 1104 1986 diligenti
1144 1903 1400 1985 uniuscuiusque

223 2010 378 2093 epistulae
411 2011 609 2093 conscriptae
642 2011 793 2094 temporis
822 2012 950 2073 notatic.
984 2030 1020 2074 ac
1049 2030 1120 2074 eum
1155 2016 1228 2074 ante
1261 2010 1399 2073 maxime

223 2117 369 2200 epistulis
398 2123 470 2200 post
493 2116 636 2180 Caesaris
670 2123 801 2180 mortem
842 2119 967 2201 scriptis
1004 2137 1098 2202 opera
1130 2125 1212 2182 esset
1244 2117 1399 2198 navata,²)

225 2244 326 2306 nuper
349 2223 440 2288 Lud.
467 2223 667 2308 Molliust)
698 2231 729 2288 et
760 2224 864 2287 Gnil.
897 2225 1216 2309 Sternkopfiust)
1241 2244 1398 2287 annorum

227 2330 414 2396 703--705
439 2352 464 2394 a.
485 2352 515 2396 u.
536 2352 560 2394 c.
581 2332 702 2394 litteras
732 2337 955 2394 tractaverunt.
994 2351 1076 2414 quac
1106 2351 1180 2395 eum
1210 2333 1253 2394 ita
1284 2338 1397 2406 essent,

225 2438 488 2522 circumspicienti
507 2439 584 2501 mihi
605 2439 758 2522 epistulae
777 2461 796 2502 a
816 2438 966 2502 Cicerone
985 2445 1056 2522 post
1075 2439 1212 2503 reditum
1232 2459 1336 2522 usque
1356 2441 1396 2502 ad

227 2545 322 2608 finem
339 2547 414 2608 anni
429 2567 523 2609 auc.
533 2548 597 2610 700
612 2547 747 2630 scriptae
763 2547 877 2629 dignae
892 2546 1093 2626 ridebantur,
1108 2547 1147 2609 de
1167 2546 1285 2628 quibus
1305 2567 1398 2610 accu-

225 2654 325 2715 ratius
349 2652 556 2736 disputarem,
581 2672 653 2715 cum
674 2653 828 2736 epistulae
848 2653 1000 2715 librorum
1026 2653 1065 2715 ad
1084 2654 1225 2716 Atticum
1243 2653 1288 2715 IV
1307 2661 1338 2716 et
1357 2654 1397 2716 ad

225 2757 379 2832 Quintum
403 2760 532 2822 fratrem
556 2759 588 2822 H
612 2766 642 2822 et
663 2759 713 2823 ΙΙΙ
737 2761 828 2843 quasi
855 2780 952 2822 unum
979 2760 1170 2824 conficerent
1193 2781 1321 2844 corpus,
1345 2761 1398 2823 cui

222 2865 345 2929 litterae
369 2868 440 2930 aliis
465 2868 542 2930 viris
567 2869 658 2930 datae
682 2875 788 2932 essent
811 2869 1007 2931 inserendae.
1039 2869 1073 2930 in
1102 2868 1261 2931 scribendi
1291 2875 1397 2932 autem

224 2975 344 3038 ratione
369 2973 403 3037 Ο.
430 2974 463 3036 Ε.
488 2974 655 3038 Schmidtii
679 2995 796 3058 sequar
820 2975 1114 3054 dissertationcnr,⁵)
1146 2977 1244 3038 etita
1267 2976 1397 3058 quidem

224 3086 259 3143 ut
283 3081 448 3144 hominum
469 3082 634 3145 doctorum
658 3081 696 3145 de
716 3083 973 3165 uniuscuiusque
992 3082 1147 3166 epistulae
1166 3088 1306 3164 tempore
1325 3103 1396 3146 sen-

225 3189 336 3251 tentias
360 3190 570 3271 praemittam,
594 3209 635 3252 ne
659 3183 943 3253 commemorandis
968 3191 1069 3252 cisae
1092 3189 1268 3252 refutandis
1288 3190 1396 3273 dispu-

224 3297 300 3358 tatio
324 3303 432 3359 nostra
454 3296 509 3360 liat
532 3297 696 3360 verbosior
719 3304 775 3360 aut
798 3296 970 3360 obscurior.

311 3403 400 3466 Haeo
423 3405 488 3467 fere
512 3393 615 3485 erant,
641 3424 722 3487 quac
745 3422 990 3487 praemonerent.

313 3581 339 3649 1)
359 3581 435 3634 Neue
454 3581 545 3634 Jahrb.
566 3582 582 3632 f.
604 3581 699 3634 Philcl.
720 3598 745 3633 u.
764 3580 846 3646 ¹Paed.
867 3581 987 3634 CXXIX
1006 3581 1098 3649 (1884)
1118 3598 1143 3648 p.
1163 3581 1212 3634 331
1234 3597 1272 3648 sq.

311 3672 338 3737 2)
358 3672 390 3724 cf.
411 3671 487 3723 Edm.
507 3670 630 3724 Ructe:
653 3670 694 3723 die
715 3671 930 3738 Correspondena
950 3670 1003 3727 Cic,
1023 3670 1049 3722 in
1070 3671 1121 3724 den
1139 3669 1239 3723 Jahren
1258 3671 1294 3723 44
1310 3687 1336 3724 u.
1351 3672 1394 3734 43,

223 3777 247 3827 p.
261 3761 286 3813 5.
313 3759 342 3813 Ο.
357 3761 386 3813 E.
408 3760 590 3814 Schmidt:
615 3761 707 3814 Jahrb.
722 3761 739 3814 t'.
753 3759 832 3814 class.
852 3759 947 3814 Philol.
966 3759 1094 3828 Supplbd.
1108 3759 1178 3812 XIH
1192 3759 1283 3829 (1884)
1302 3777 1327 3828 p.
1343 3761 1395 3813 665

223 3850 282 3903 adn.
302 3852 318 3904 2
338 3854 365 3903 et
383 3850 399 3904 l.
419 3850 437 3902 l.
861 3881 862 3884 =
990 3837 991 3840 ¹

285 3970 287 3975 ·
310 3939 338 4008 3)
358 3939 391 3992 de
410 3939 574 4008 temporibus
593 3939 668 4007 epist.
682 3939 864 3992 Tullianarum
884 3939 1054 4007 quaestiones
1073 3938 1195 4005 selectae,
1214 3937 1301 3991 Berol.
1318 3938 1394 3992 1883.

310 4029 337 4094 4)
358 4030 527 4097 quaestiones
547 4029 747 4098 chronologicae
766 4031 799 4083 de
818 4030 898 4083 rebus
911 4045 927 4082 a
940 4029 1065 4082 Cicerone
1082 4029 1144 4082 inde
1163 4044 1178 4081 a
1194 4028 1290 4081 tradita
1304 4028 1395 4082 Cilicia

222 4117 358 4187 provincio
377 4136 463 4187 usque
482 4120 515 4172 ad
535 4119 655 4172 rehctam
668 4119 774 4172 Italiam
793 4119 875 4188 gestis
894 4119 980 4186 deque
994 4117 1114 4186 epistulis
1126 4117 1195 4170 intra
1207 4116 1275 4170 illud
1288 4120 1394 4186 tempus

222 4209 264 4277 (A.
280 4207 332 4262 704
351 4213 378 4262 ct
397 4209 459 4280 705)
479 4209 548 4262 datis
567 4210 726 4277 acceptisve,
747 4209 881 4278 limburg.
904 4208 980 4262 1884.
1121 4281 1122 4284 ¹

310 4299 337 4365 ὅ)
357 4299 390 4352 da
409 4298 531 4366 epistulis
550 4301 577 4352 et
595 4299 714 4352 aCassio
733 4302 760 4352 et
772 4300 806 4352 ad
819 4299 940 4355 Cassium
955 4301 1014 4372 post
1030 4299 1169 4357 Caesarem
1189 4296 1306 4356 occisum
1326 4298 1394 4357 datis

222 4387 389 4458 quaestiones
408 4387 618 4460 chronologicae,
637 4389 708 4460 Lips.
730 4389 806 4450 1877,
