3214 5074
707 331 747 339 -
791 293 831 355 67
875 329 916 336 ..

695 463 837 552 Tabula
865 467 936 550 HJ)

569 628 604 683 A.
625 645 652 683 a.
672 644 701 683 u.
722 645 748 683 o.
770 629 829 682 698
851 627 895 696 (==
914 644 936 680 a.
958 628 985 680 C.
1006 628 1059 696 56).

226 753 273 820 Ep.
285 754 318 806 ad
328 753 473 806 Lentulum
484 755 504 806 1.
518 756 541 807 2.
553 753 577 806 3.
588 755 606 806 4
616 755 681 807 vitio
695 753 817 808 dirrdsae
830 769 884 806 unu
897 754 973 806 datae
986 755 1049 805 sunt
1059 751 1134 806 XVI.
1146 751 1177 804 K.
1189 751 1264 804 Febr.
1279 752 1311 806 of.
1319 769 1344 819 p.
1357 752 1398 804 11.

225 841 273 908 Ep.
293 841 326 894 ad
346 845 400 896 Att.
422 843 468 894 IV.
493 843 528 895 4b
550 843 611 895 aa
630 860 695 907 non,
721 845 752 895 ut
774 843 855 912 vulgo
881 845 1017 910 putantur,
1043 857 1133 894 mense
1153 844 1216 908 Api.
1237 841 1283 894 sed

351 931 426 984 Febr.
447 935 562 984 exeunte
582 931 626 984 uel
644 933 752 985 ineunte
771 931 867 984 Martio
886 931 959 983 Antii
978 931 1092 1000 soliptae
1115 933 1178 982 sunt
1359 931 1398 982 15.

228 1019 317 1073 Oratio
336 1037 383 1088 pro
401 1019 436 1072 Μ.
457 1020 546 1074 Caelio
564 1019 634 1074 Rufo
653 1021 744 1074 habita
763 1025 804 1073 est
823 1037 861 1088 pr.
881 1020 950 1074 Non.
970 1022 1033 1086 Apu.
1356 1019 1398 1071 18.

226 1109 274 1176 Ep.
288 1109 321 1162 ad
334 1109 517 1162 LuooeiumV‘.
530 1111 563 1162 12
574 1110 673 1177 scripta
687 1113 727 1162 ost
742 1109 768 1162 in
782 1109 932 1163 Tusculano
946 1126 968 1162 a.
980 1109 1004 1160 d.
1016 1109 1048 1160 V.
1058 1108 1101 1161 vel
1110 1109 1157 1161 IV.
1169 1109 1208 1161 Id.
1220 1111 1283 1176 Apr.
1358 1107 1399 1160 19.

228 1199 275 1266 Ep.
289 1199 322 1251 ad
335 1201 391 1252 Att.
405 1199 452 1251 IV.
466 1199 501 1252 8b
556 1199 654 1267 scripta
671 1199 700 1251 in
718 1199 867 1252 Tusculano
923 1215 961 1252 oa.
981 1199 1021 1252 id.
1041 1198 1109 1251 Nou.
1357 1197 1399 1250 26.

227 1288 274 1356 Ep.
288 1289 322 1342 ad
334 1289 408 1342 Lent.
422 1289 474 1342 Ι.8
600 1289 698 1357 scripta
716 1289 817 1342 Romae
926 1288 989 1357 (ex.)
1009 1289 1072 1341 Deo.
1356 1287 1398 1339 27.

566 1449 1061 1519 aaaamm=aom

228 1553 275 1622 Ep.
290 1557 323 1608 ad
338 1556 387 1620 Qu.
402 1558 432 1608 fr.
447 1557 482 1609 H.
504 1557 519 1608 7
539 1559 610 1610 certe
629 1574 719 1610 menso
732 1557 807 1609 Febr.
823 1563 871 1624 (ca.
885 1573 923 1625 pr.
938 1555 989 1624 Id.)
1003 1555 1103 1609 Rornae
1120 1555 1219 1623 scripta
1231 1557 1271 1607 est
1358 1553 1399 1606 27.

229 1643 276 1712 Ep.
297 1646 329 1697 ad
350 1647 404 1698 Att.
419 1645 465 1698 It'.
487 1646 521 1698 10
628 1646 726 1714 scripta
745 1653 786 1698 est
803 1647 830 1697 in
851 1646 969 1699 Cumano
1060 1644 1095 1697 X.
1115 1644 1150 1698 K.
1170 1643 1254 1696 Maias

501 1736 517 1787 9
758 1735 871 1803 Neapoli
1060 1733 1133 1786 VIII.
1152 1734 1187 1786 K.
1201 1733 1285 1786 Maias
1358 1731 1399 1784 29.

488 1826 519 1877 11
580 1877 581 1881 ,
735 1826 763 1877 in
783 1824 901 1878 Cumano
1063 1824 1095 1874 V.
1116 1824 1151 1876 K.
1171 1823 1255 1876 Maias

229 1913 319 1967 Oratio
335 1914 362 1966 in
372 1913 497 1967 Pisonem
507 1914 606 1980 habita,
617 1915 752 1968 theatrum
761 1914 872 1982 Pompei
883 1915 1034 1967 dedicatum
1049 1913 1157 1966 ridetur·
1167 1928 1258 1965 menso
1269 1911 1326 1966 Oct.
1357 1911 1400 1964 33.

572 2075 607 2130 A.
627 2091 656 2130 a.
675 2090 705 2131 u.
726 2092 752 2131 o.
772 2075 828 2129 700
849 2079 893 2142 (=
913 2092 935 2132 a.
956 2075 983 2128 C.
1003 2075 1057 2143 54).

230 2199 346 2264 Quintus
366 2200 456 2253 Cioero
476 2201 509 2253 ad
528 2201 667 2254 Caesarem
688 2202 821 2268 profectus
840 2203 880 2254 est
898 2201 1006 2253 ineunte
1024 2216 1115 2253 menso
1134 2199 1204 2252 Maio

232 2288 364 2341 Asconius
389 2287 495 2354 (K.·S.
515 2306 539 2356 p.
560 2289 601 2356 17.
621 2289 653 2358 2)
679 2306 770 2342 errans
793 2290 900 2356 scripsit
924 2289 1055 2342 Scaurum
1079 2288 1286 2356 repetundarum

356 2378 520 2445 postulatum
539 2394 597 2431 esse
617 2395 655 2446 pr.
675 2378 743 2432 Non.
764 2378 853 2443 Quint.
873 2395 921 2446 pro
941 2395 979 2446 pr.
999 2378 1062 2431 Kal.

230 2469 328 2520 Caesar·
344 2466 372 2518 in
388 2467 709 2536 Britanniamnavigavit
728 2483 765 2520 oa.
780 2468 841 2520 VII.
858 2467 893 2520 K.
913 2466 984 2521 Sext.

356 2556 435 2609 rediit
451 2556 530 2624 panio
549 2559 609 2608 anto
632 2557 671 2609 Id.
687 2555 743 2610 Oct.

230 2645 321 2698 Cicero
340 2645 480 2698 Vatinium
500 2644 617 2697 defendit
636 2649 752 2698 exeunte
771 2662 863 2698 mense
884 2644 956 2699 Sext.

357 2735 449 2786 eodem
469 2735 524 2786 foro
543 2736 661 2801 tompore
680 2750 726 2802 pro
747 2733 841 2788 Crasso
860 2735 887 2787 in
907 2737 1001 2787 senatu
1012 2735 1087 2786 dixit

231 2821 321 2876 Oratio
341 2839 388 2890 pro
408 2823 453 2876 On.
474 2821 584 2875 Plancio
603 2823 693 2875 habita
712 2826 754 2876 ost
773 2839 810 2877 oa.
831 2821 899 2875 Non.
920 2822 991 2890 Sept.
1013 2821 1093 2892 (ludis
1113 2823 1249 2886 Romanis)

230 2911 278 2980 Ep.
299 2913 332 2964 ad
352 2914 406 2964 Att.
426 2911 473 2964 IV.
495 2912 527 2964 17
547 2914 562 2980 ξ
582 2913 597 2964 1
617 2913 773 2966 emendatur

338 3112 360 3161 1)
373 3109 414 3151 hac
428 3110 503 3150 tabula
517 3111 635 3162 composui,
647 3111 752 3163 quidquid
761 3115 846 3164 praeter
860 3114 933 3153 cetera
947 3110 1036 3161 dignum
1051 3111 1104 3152 duxi
1119 3113 1238 3152 memoratu
1252 3122 1333 3162 sorum,
1348 3121 1404 3162 quae

232 3178 272 3220 hac
286 3193 334 3222 moa
348 3180 502 3222 dissertatione
515 3181 605 3234 probaro
619 3182 701 3223 studui.
