3214 5074
669 297 879 362 -27-

101 543 102 546 ,
185 476 326 560 plebeios
337 478 357 554 1)
391 496 459 539 esse
496 477 779 559 intellegendos3'2)
819 477 953 560 epistula
990 478 1087 559 igitur
1126 495 1170 538 ca.
1202 475 1246 538 ld.
1280 475 1359 539 Nor.

188 585 302 666 scripta
326 589 387 662 est,
420 589 454 646 ut
483 584 617 664 videtur,
646 587 679 648 in
707 583 895 665 Tusculano,
926 604 1008 656 oraru,
1029 584 1142 646 cotidie
1172 584 1292 646 litteras
1322 584 1361 646 ab

189 692 293 754 Attico
318 690 426 754 Cicero
451 697 647 774 exspectaret
670 692 720 775 lei.
741 692 866 754 Gruber
889 711 917 775 p.
939 697 980 772 7).

276 798 445 862 Difficilius
468 799 596 872 videtur
620 799 750 862 delinire
774 805 899 883 tempus

264 977 326 1059 Ep.
351 977 395 1042 ad
420 977 504 1043 farn.
525 978 555 1043 Ι.
580 979 618 1044 8:
644 978 684 1042 ll.
706 977 814 1041 Cicero
839 979 868 1041 S.
889 977 925 1041 D.
947 977 980 1040 P.
1001 977 1134 1040 Lentulo
1160 977 1285 1040 Procos.

187 1101 446 1167 Schuetziu's:
473 1125 530 1168 ser.
550 1103 669 1168 Romae
693 1126 718 1167 a.
740 1125 768 1168 u.
788 1125 813 1168 o.
835 1106 908 1168 698.

189 1209 363 1273 Grnber:
389 1231 472 1273 anno
497 1213 570 1276 699.

188 1317 341 1380 Baiter:

188 1423 514 1508 Wesenbergins:
580 1393 637 1434 scr.
657 1371 775 1435 Romae
799 1391 907 1434 menso
932 1371 996 1434 lan.
1017 1394 1041 1435 a.
1062 1393 1092 1434 u.
1113 1393 1137 1434 o.
1159 1375 1231 1436 699.

227 1553 237 1562 ·
278 1530 340 1606 Qui
374 1533 433 1594 viri
471 1553 579 1596 omnes
612 1553 658 1616 ep.
683 1533 847 1615 Pompeio,
886 1532 997 1596 Crasso
1035 1533 1219 1596 consulibus
1251 1539 1364 1615 putant

188 1641 349 1722 scriptam:
376 1642 429 1702 vix
450 1642 518 1704 iure
538 1643 655 1724 opinor.
680 1647 755 1703 sunt
774 1643 858 1704 eninr
877 1641 1043 1722 nonnulla,
1064 1641 1180 1724 quibus
1201 1645 1364 1703 utcontra

187 1749 320 1810 sentiam
353 1767 560 1811 commoveor.
601 1750 738 1831 primum
772 1749 944 1812 admodum
981 1749 1105 1828 (labile,
1140 1768 1218 1810 num
1255 1747 1363 1810 Cicero

188 1857 363 1938 scripturus
382 1856 478 1918 fuerit
496 1860 528 1938 (ξ
549 1857 582 1939 ὃ)
601 1857 692 1919 haec:
719 1857 925 1940 „Pompeium
948 1857 1005 1919 tibi
1024 1856 1116 1920 valde
1139 1858 1275 1919 amioum
1295 1875 1364 1918 esse

187 1965 323 2044 cognovi
351 1968 381 2025 et
405 1982 441 2025 eo
470 1970 505 2025 tu
536 1963 667 2026 consule
683 2014 697 2049 ι.
722 2014 728 2025 .
754 2014 759 2025 .
784 1965 902 2044 omnia,
937 1983 1018 2046 quae
1048 1963 1149 2042 voles,
1180 1962 1364 2043 obtinebist,

189 2071 216 2132 si
235 2071 262 2131 is
282 2071 342 2132 iam
364 2070 476 2132 consul
495 2070 607 2133 fuisset
625 2089 698 2154 pro:
720 2091 809 2150 „com
829 2073 856 2132 is
876 2073 916 2135 sit
936 2071 1073 2151 consor,
1093 2070 1252 2152 similique
1271 2069 1364 2130 modo

188 2177 285 2238 verba
299 2180 329 2256 (ξ
343 2176 392 2258 4j):
418 2179 537 2257 „otium
555 2177 646 2240 nobis
666 2178 883 2260 exoptandum
903 2178 1058 2261 estquod
1077 2179 1108 2257 ii,
1122 2179 1178 2259 qui
1196 2179 1364 2261 potiuntur

191 2303 304 2362 rerum,
322 2287 511 2367 praestaturi
530 2265 687 2365 videntur,
708 2287 735 2348 si
754 2285 884 2368 quidam
902 2286 1045 2348 homines
1064 2285 1234 2367 patientius
1255 2304 1364 2347 eorum

192 2393 359 2474 potentiam
382 2393 464 2456 forre
488 2385 673 2476 potuerintr'
690 2395 793 2475 aptius
817 2393 856 2455 ad
881 2399 1005 2475 tempus
1025 2398 1096 2454 ante
1116 2393 1231 2454 initum
1251 2411 1364 2454 oonsu-
1403 2423 1404 2426 ¹

191 2499 288 2562 latum
308 2499 471 2563 referenda
484 2501 641 2564 videntur.
662 2521 856 2582 quamquam
875 2501 1052 2588 accuratius
1072 2505 1196 2582 tempus
1212 2499 1365 2582 epistulae

191 2609 384 2690 conscriptae
408 2609 463 2670 vix
488 2627 580 2691 posse
604 2609 730 2690 exquiri
754 2607 888 2688 videtur,
919 2609 980 2670 nisi
1003 2613 1170 2691 postquam
1194 2607 1365 2689 Pompeius

189 2719 219 2776 et
251 2713 383 2777 Crassus
414 2735 448 2778 se
479 2715 677 2791 consulatum
708 2716 861 2797 petituros
895 2718 1157 2796 concessorrrnt‚³)
1189 2721 1293 2778 tamen
1324 2735 1365 2778 ex

188 2823 273 2883 omni
298 2824 416 2904 speeie,
441 2843 536 2904 quam
559 2823 782 2905 praesefert,
807 2822 973 2905 epistulam
992 2828 1130 2886 exeunte
1154 2842 1236 2884 anno
1261 2823 1365 2886 datam

189 2947 256 2991 esse
280 2930 484 3008 concludam3
510 2931 549 2993 (le
572 2950 681 2993 meuse
705 2931 770 2993 lan.
791 2936 956 3013 propterea
980 2950 1043 2992 non
1068 2931 1246 3012 cogitarim,
1279 2930 1365 3012 quod
1393 2988 1395 2991 ,

189 3042 255 3098 tum
274 3039 404 3100 comitia
419 3057 516 3120 prope
535 3037 701 3118 instabant,
721 3038 760 3100 de
780 3037 897 3120 quibus
917 3039 1022 3100 nescio
1042 3059 1080 3100 an
1102 3037 1209 3100 Cicero
1229 3035 1363 3100 Lentulo

190 3146 366 3228 scripturus
389 3145 484 3208 fuerit
508 3154 538 3208 et
562 3147 699 3208 marimo
724 3146 763 3208 dc
787 3147 976 3228 interregno.

490 3339 1063 3439 aauafflffl=aoffit

444 3518 1112 3607 mmmnmussumm

190 3679 444 3743 Schuetzius:
470 3701 528 3742 scr.
548 3680 666 3744 Romae
690 3683 815 3743 circiter
837 3680 882 3742 Id.
903 3680 991 3744 Febr.
1013 3703 1038 3743 a.
1058 3701 1088 3744 u.
1109 3701 1133 3742 c.
1154 3682 1227 3743 698.

192 3788 364 3850 llruber:
390 3808 434 3850 ca.
454 3788 499 3850 ld.
520 3788 609 3851 Febr.

190 3893 322 3958 Hoffa:
348 3916 406 3958 sor.
425 3895 544 3958 Ronrae
568 3898 692 3958 circiter
714 3896 760 3958 ld.
781 3895 879 3958 Maias
903 3917 928 3958 a.
950 3915 979 3958 u.
1000 3916 1024 3958 o.
1046 3898 1119 3960 699.

279 4091 305 4158 1)
325 4107 364 4158 pr.
378 4091 447 4145 Non.
460 4091 529 4144 Nov.
544 4108 629 4159 usquo
649 4092 681 4144 ad
701 4108 723 4146 a.
738 4092 763 4144 d.
783 4091 859 4145 XIV.
878 4091 938 4146 Kal.
952 4092 1016 4144 Deo.
1032 4091 1191 4157 celebratos,
1212 4091 1244 4153 ol
1259 4091 1280 4152 l.
1294 4089 1365 4152 Mar·

191 4181 308 4247 qua1·clt.,
328 4180 420 4234 Roem.
435 4181 606 4266 Staatsverw.
621 4181 663 4234 Ill
676 4199 702 4249 p.
717 4181 778 4236 335.

278 4270 304 4338 2)
325 4271 423 4338 quibus
442 4274 577 4326 senatores
596 4270 893 4340 interessonoluerunt,
914 4272 941 4324 O.
962 4271 1011 4328 Dio
1030 4271 1077 4338 39,
1098 4270 1140 4330 30.

279 4360 467 4430 fflfflpffi
