3214 5074
689 295 899 360 ..39...

202 473 281 536 fecit
305 475 344 537 de
362 475 468 539 Attico
492 475 605 556 Rome,
628 481 665 539 ut
683 474 810 538 videtur
833 496 858 538 a.
879 475 907 538 d.
928 473 983 538 VI.
1003 474 1049 538 Id.
1069 474 1182 555 Maias,
1205 471 1380 557 profectost)

205 601 288 663 quas
312 583 430 646 litteras
448 582 587 647 Tullium
613 585 684 646 ciro.
704 583 749 646 Id.
770 585 926 666 accepisse
945 583 1117 646 verisimile
1141 588 1188 646 est
1206 587 1300 664 atque
1320 579 1380 644 sta·

204 689 265 752 tim
289 691 370 752 hanc
394 711 440 776 ep.
462 681 567 755 Attico
592 692 723 755 dedisse.

430 852 494 933 Ep.
514 852 559 916 nd
583 853 646 942 Qu.
671 851 718 918 fr.
743 852 795 917 ΙΙ.
819 847 859 916 12
883 851 1062 936 t=1L14
1086 850 1157 931 Or).
1209 939 1212 943 ι

206 975 469 1040 Schuetzius:
513 998 580 1042 scr·
602 978 638 1041 in
671 976 812 1042 Cumano
845 977 897 1040 vel
928 975 1122 1059 Pompeiano
1154 992 1262 1040 mense
1295 973 1379 1045 Maio

368 1105 394 1146 a.
414 1104 444 1146 u.
465 1105 490 1147 c.
510 1087 583 1150 699.

208 1188 383 1254 Gruber:
409 1211 467 1254 scr.
491 1211 601 1256 mense
624 1191 716 1256 Maio.
1255 1251 1257 1256 ,

207 1297 389 1380 Suepfle:
411 1319 468 1362 sor.
484 1300 519 1362 in
534 1299 675 1364 Cumano
691 1298 743 1364 rel
761 1297 953 1381 Pompeiano
970 1316 1078 1361 mense
1095 1296 1179 1360 Maio
1199 1316 1225 1358 a.
1236 1317 1266 1358 u.
1278 1295 1379 1362 otoo.

207 1402 322 1486 Frey:
349 1405 405 1468 der
427 1405 518 1468 Briei
537 1406 578 1470 ist
600 1405 806 1489 geschriebcn
829 1406 873 1468 im
897 1403 975 1486 Mai,
999 1405 1045 1467 als
1069 1402 1177 1466 Cicero
1197 1402 1254 1466 uni
1268 1403 1379 1464 seinen

389 1511 611 1596 Landguetcrn
645 1513 746 1576 weiitc
775 1513 842 1576 und
872 1510 1010 1588 Quintus
1040 1511 1119 1575 eben
1143 1511 1224 1584 noch
1256 1508 1380 1574 Gallice

389 1639 555 1703 gegangen
578 1641 652 1684 war.
757 1658 759 1662 ·

206 1725 345 1790 Hoffa:

188 1832 364 1896 Baiter:

208 1939 515 2026 Wesenbergins:

297 2047 528 2123 Quaerentibus
551 2049 657 2129 nobis,
681 2069 819 2132 quonam
843 2055 983 2134 tempore
1006 2049 1090 2112 haec
1108 2047 1241 2132 epistula
1264 2045 1380 2128 scripte

209 2155 257 2234 sit,
276 2176 381 2218 ansam
401 2177 438 2220 ea
455 2157 614 2240 praebent,
632 2177 713 2240 quae
732 2159 765 2220 in
785 2177 832 2240 ep.
843 2158 883 2220 ad
899 2155 1004 2232 Qufr.
1015 2156 1055 2219 II.
1073 2157 1112 2218 13
1129 2155 1196 2238 (in.)
1211 2154 1377 2240 leguntur:

213 2283 255 2340 „a
280 2263 308 2324 d.
332 2263 385 2326 IV.
410 2264 491 2347 Non.
518 2265 640 2347 Iunias,
672 2286 736 2348 quo
765 2265 815 2328 dic
845 2265 977 2328 Romam
1007 2263 1080 2326 veni
1109 2283 1133 2326 e.
1161 2283 1189 2344 q.
1215 2263 1270 2323 s.“:
1303 2259 1379 2322 inde

213 2371 361 2452 sequitur,
381 2381 416 2436 ut
434 2371 569 2455 cicere)
589 2374 660 2435 circ.
679 2393 704 2436 a.
725 2373 753 2435 d.
770 2371 824 2436 VI.
845 2372 914 2449 Kal.
934 2373 1003 2435 Iun.
1024 2390 1041 2435 e
1061 2369 1202 2432 Cumano
1221 2367 1271 2430 vel
1285 2366 1379 2430 Pom·

210 2477 319 2559 peiano
334 2480 492 2562 profectus
507 2482 589 2559 sit;³)
600 2499 641 2543 ex
656 2499 693 2543 oo
708 2501 791 2561 vcro,
807 2481 892 2562 quod
907 2479 1015 2542 scribit
1025 2484 1085 2562 (ep.
1099 2479 1147 2558 12,
1161 2479 1204 2555 lt:
1225 2493 1259 2537 se
1275 2492 1378 2556 usque

210 2584 248 2646 ad
275 2583 339 2649 Kal.
360 2587 469 2651 Iunias
492 2589 585 2651 iniis
608 2589 687 2651 locis
709 2589 853 2651 futurum
872 2607 954 2668 esse,
978 2592 1105 2670 apparet
1124 2604 1197 2647 cum
1216 2581 1379 2666 nonnullis

208 2692 320 2756 diebus
335 2695 470 2757 anteVi.
485 2694 554 2758 Kal.
566 2696 635 2760 Iun.
648 2699 722 2778 (quc
737 2697 893 2758 sumimus
908 2715 981 2758 eum
1001 2695 1089 2756 illino
1106 2688 1378 2777 profectumesso)

205 2798 262 2862 bas
287 2801 408 2864 litteras
430 2802 567 2882 dedisse,
590 2803 675 2885 quod
697 2821 755 2866 sex
778 2803 844 2865 fere
869 2801 980 2866 diebus
1005 2805 1077 2864 ante
1106 2819 1201 2883 quarn
1227 2797 1379 2862 voluisset

205 2908 240 2970 in
255 2909 367 2972 urbem
380 2910 505 2973 rediret.
526 2931 597 2973 oum
619 2911 674 2974 hes
693 2910 844 2974 scriberet
858 2910 989 2992 litteras,
1009 2910 1089 2972 duas
1108 2909 1236 2972 cnrnino
1250 2926 1268 2967 a
1283 2903 1379 2968 fratrc

207 3015 257 3096 (ad
277 3015 443 3080 Caesarem
466 3018 614 3102 profecto)
639 3019 792 3102 epistulas
812 3023 974 3101 deceperat
992 3018 1024 3100 (ξ
1047 3020 1063 3079 1
1083 3018 1152 3095 in),
1175 3014 1379 3099 posteriorem

206 3122 353 3187 Arimino
384 3124 497 3189 datam.
529 3146 721 3208 quamquam
752 3131 857 3189 autern
885 3127 1058 3205 nescimus
1090 3121 1216 3206 quando
1241 3119 1379 3194 Quintus

206 3229 307 3293 Roma
339 3235 464 3313 exierit,
497 3241 600 3296 tumen
634 3255 711 3298 num
745 3255 808 3317 qua
840 3235 961 3297 ratione
993 3234 1186 3316 reperiamus
1219 3247 1378 3298 conemur.

206 3339 270 3400 iam
288 3340 434 3422 primurn,
455 3346 610 3422 quantum
630 3341 731 3423 video,
750 3341 831 3404 nibil
850 3341 965 3420 obstat,
991 3340 1162 3422 quominus
1180 3337 1273 3400 illnm
1290 3335 1379 3398 nulle

206 3446 324 3509 maiore
347 3448 531 3532 interposita
548 3469 637 3512 mora
655 3449 838 3512 Ariminum
857 3469 890 3512 se
909 3448 1080 3512 contriisse
1099 3446 1295 3510 arbitremur.
1319 3443 1378 3504 hae

572 1801 630 1844 scr.
654 1783 688 1844 in
708 1779 849 1844 Cumano
874 1765 925 1843 vel
948 1779 1140 1862 Pompeiano
1164 1793 1272 1840 nrense
1295 1775 1379 1841 Maio

853 1909 878 1951 a.
903 1910 933 1951 u.
958 1907 982 1950 c.
1009 1887 1081 1951 700.

296 3642 322 3710 1)
342 3644 440 3696 tradita
457 3646 521 3696 sunt
535 3644 629 3698 verba:
653 3643 810 3710 „Vestorius
832 3683 839 3697 .
864 3685 869 3697 .
893 3625 935 3696 me
955 3683 961 3695 .
981 3681 987 3696 .
1008 3641 1071 3695 fecit
1090 3641 1228 3696 certiorem
1247 3641 1273 3691 te
1293 3638 1379 3696 Roma

206 3747 230 3785 a.
248 3732 272 3784 d.
283 3732 331 3784 VI.
346 3732 386 3787 Id.
405 3732 489 3786 Maias
508 3735 603 3802 putare
622 3734 770 3802 proiectum
789 3733 865 3785 esse“
889 3748 975 3800 neque
994 3731 1082 3784 adhuc
1101 3732 1201 3784 sanata.
1221 3729 1298 3782 facile
1318 3727 1378 3796 quis

207 3820 349 3874 crediderit
363 3825 422 3890 post
444 3823 573 3891 „putare“
592 3839 736 3891 pronomen
755 3839 790 3874 sc
809 3837 868 3874 esse
886 3819 1058 3873 inserendum
1078 3822 1156 3888 atque
1176 3818 1270 3871 verba:
1291 3833 1332 3884 „a
1352 3817 1377 3869 d.

206 3910 253 3964 VI.
276 3911 315 3965 Id.
337 3912 421 3965 Maias
439 3915 533 3980 putare
553 3913 599 3965 se“
619 3915 792 3982 πιιρενθέτως
810 3910 1003 3980 intellegenda:
1029 3913 1119 3964 tamen
1137 3926 1242 3976 vercor,
1261 3910 1293 3960 ut
1311 3907 1378 3960 haec

207 4001 359 4054 coniectura
376 4003 461 4070 possit
480 4003 592 4070 probari.

296 4092 322 4160 2)
342 4109 395 4161 qua
413 4095 470 4145 erat
488 4093 679 4146 consuetudine
697 4091 893 4160 proficiscendi,
914 4091 947 4145 cf.
958 4089 1117 4159 Sternkopi„
1137 4090 1240 4159 quaest.
1260 4088 1377 4146 chronol.

206 4183 256 4235 etc.
275 4199 301 4249 p.
315 4181 361 4247 373
386 4181 416 4235 0.
430 4181 460 4235 E.
475 4181 617 4236 Schmidt:
644 4181 678 4236 N.
698 4181 790 4235 Jahrb.
810 4179 943 4234 f.Phi101.
962 4197 989 4234 u.
1009 4180 1123 4249 Peedng.
1143 4177 1262 4234 CXXIX
1287 4177 1378 4247 (1884)

206 4287 232 4342 p.
252 4269 313 4324 338.

296 4359 323 4425 3)
343 4360 375 4417 ct.
391 4358 623 4418 esserunt:
644 4361 676 4415 de
696 4377 736 4434 cp.
757 4361 784 4417 et
802 4376 818 4418 a
836 4358 927 4417 Cassio
946 4359 1024 4418 etad
1044 4359 1166 4418 Cossium
1185 4359 1254 4415 dotis
1272 4376 1297 4432 p.
1311 4359 1336 4417 5.
1403 4314 1405 4319 ·
