3214 5074
723 313 932 374 -7..

240 508 310 552 esse
339 509 402 552 nan
427 491 550 573 possit.
575 489 668 572 plane
698 489 838 554 dilucida
867 496 973 554 autem
1004 491 1038 554 tit
1069 491 1237 569 sententia,
1266 491 1292 552 si
1307 489 1416 552 ¹verba

240 615 284 660 ea
316 597 438 662 biduo
471 617 544 662 eum
573 597 843 682 subsequentibus
875 598 1116 677 eortiungirnus:
1151 617 1223 660 cum
1258 605 1340 660 esset
1369 617 1414 678 pr.

241 703 319 766 Non.
344 713 375 770 et
398 704 500 768 Nonis
523 725 668 770 annonae
692 725 816 770 summa
840 705 955 771 caritas
984 755 990 766 .
1021 753 1026 766 .
1056 755 1076 782 .‚
1105 725 1178 768 cum
1201 723 1258 787 per
1281 723 1335 768 ees
1358 711 1412 780 (sa.

241 830 320 893 ques
345 812 426 894 dixi)
451 813 518 876 dies
541 819 670 878 senatus
694 813 734 878 de
762 833 888 880 annona
916 811 1086 878 haberetur
1115 863 1121 878 .
1150 861 1156 876 .
1188 861 1194 874 .
1226 811 1414 888 seutentiam

134 967 136 972 .
240 919 322 981 dixi:
357 919 485 984 illorum
518 927 624 986 autam
661 921 782 986 ratione
815 921 912 987 verba
944 940 1017 1004 „per
1049 939 1104 984 eos
1136 920 1220 984 dieat‘
1253 924 1324 1001 apte
1357 919 1413 982 vix

236 1034 370 1109 possunt
400 1028 594 1111 explicari.¹)
626 1063 667 1074 -
697 1047 762 1090 una
790 1034 895 1092 tamen
925 1035 1020 1092 restat
1048 1027 1233 1108 difficultas,
1265 1025 1351 1108 quad
1380 1027 1413 1087 in

238 1135 379 1198 eratione
411 1141 482 1217 post
511 1135 648 1199 reditum
680 1134 714 1197 in
743 1143 856 1198 senatu
888 1139 958 1217 (rt,
983 1127 1043 1216 Ι34)
1073 1134 1182 1197 Cicero
1213 1134 1290 1196 dicit
1318 1133 1411 1195 haee:

237 1291 267 1320 „.
288 1289 294 1302 .
315 1293 321 1305 .
343 1261 468 1305 meeum
491 1246 622 1306 senatus
646 1243 831 1324 auctoritas,
854 1261 977 1306 meeum
1004 1241 1145 1320 libertas
1169 1260 1293 1306 meeum
1318 1240 1412 1304 etiam

236 1347 366 1430 fragam
385 1348 514 1413 ubertas
530 1400 535 1412 .
552 1398 580 1416 ..
600 1350 780 1413 afuerunt‘:
808 1369 890 1432 quae
910 1370 973 1432 qao
994 1349 1044 1412 die
1062 1349 1162 1415 fames
1181 1349 1214 1410 in
1234 1347 1313 1412 arbe
1332 1357 1413 1412 esset

238 1453 300 1518 diei
311 1475 383 1517 riou
402 1457 543 1538 petuisse
562 1457 726 1539 apparet.²)
746 1457 864 1520 seimus
880 1464 986 1520 autem
1001 1457 1175 1521 orationem
1189 1455 1276 1520 iilam
1297 1455 1412 1518 dictam

236 1562 334 1624 faisse
358 1563 396 1626 de
420 1563 578 1646 script0‚⁸)
603 1564 689 1647 quod
712 1563 835 1627 Tullius
859 1565 890 1626 in
916 1565 1028 1628 itinere
1051 1564 1212 1634 exaravit:
1242 1571 1309 1626 tam
1335 1581 1411 1624 sane

238 1669 313 1731 talia
338 1669 475 1736 scribere
499 1670 629 1752 quidem
652 1671 768 1753 potuit,
791 1671 826 1732 in
850 1670 1011 1734 recitando
1035 1677 1141 1734 autem
1166 1669 1308 1748 amisit.⁴)

324 1776 363 1840 In
381 1796 419 1840 ee
439 1797 568 1860 queque
586 1778 681 1861 plane
700 1798 774 1840 cam
794 1777 938 1842 Grabaro
958 1777 1163 1864 fasiopquod
1187 1777 1307 1856 statim,
1326 1784 1411 1859 past·

238 1904 334 1966 quam
358 1904 413 1948 eae
437 1903 487 1948 res
510 1885 610 1948 factae
634 1891 721 1962 sant,
745 1886 913 1968 epistulam
938 1887 1086 1967 scriptam
1111 1884 1290 1962 arbitratur,
1315 1903 1411 1965 quam

236 2010 303 2054 rem
322 1997 353 2054 et
375 1992 504 2055 initium
527 1993 724 2076 insequentis
749 1994 901 2076 epistulae
921 1993 1115 2056 demonstrat
1138 1999 1168 2055 et
1188 1993 1320 2074 quaein
1343 1991 1411 2073 ipse

237 2116 282 2181 ep.
302 2099 467 2179 legantur:
493 2099 530 2180 „§
553 2105 584 2166 1:
610 2119 684 2162 eum
708 2101 845 2184 primum
871 2099 1003 2163 Romam
1028 2099 1101 2164 veui
1122 2151 1128 2162 .
1149 2152 1154 2164 .
1175 2149 1197 2174 .,
1218 2098 1296 2162 nibil
1320 2099 1410 2182 prius

235 2206 416 2270 faciendum
440 2207 518 2270 mihi
541 2209 666 2290 putavi,
690 2227 788 2290 qaam
812 2217 848 2272 ut
870 2208 926 2272 tibi
952 2208 1075 2272 absenti
1104 2209 1143 2271 de
1170 2207 1274 2272 reditu
1302 2215 1409 2268 nostra

237 2313 426 2394 gratularar3
452 2315 516 2395 §U
536 2315 592 2378 iila
610 2320 719 2380 nostra
736 2316 791 2379 lex
810 2317 987 2379 consularis
1006 2309 1095 2378 nane
1112 2315 1254 2380 modesta
1273 2313 1408 2390 videtur,

239 2419 316 2483 haee
339 2419 446 2486 Messii
470 2442 535 2484 non
558 2423 701 2500 ferenda3
731 2422 930 2505 Pompeius.
955 2473 960 2484 .
986 2473 992 2486 .
1018 2421 1110 2499 dieit3
1135 2471 1142 2484 .
1167 2471 1173 2486 .
1194 2471 1200 2484 .
1225 2421 1409 2484 consulares

239 2527 390 2592 fremunt:
411 2550 469 2594 nes
488 2538 629 2594 tacemus
648 2549 672 2594 e.
689 2551 716 2613 q.
729 2531 807 2612 ψ).
832 2531 965 2610 accedit,
991 2529 1076 2612 quad
1096 2530 1265 2612 diligenter
1284 2537 1409 2595 narrata

238 2644 325 2714 suut,
350 2657 430 2718 quae
453 2637 589 2720 singulis
613 2636 726 2701 diebus
748 2636 879 2716 fiebant,
904 2643 940 2700 ut
963 2637 1119 2716 diximus,
1143 2635 1308 2719 usquead
1333 2658 1359 2700 a.
1380 2637 1408 2699 d.

237 2741 324 2806 VIII.
354 2744 409 2806 Ida
441 2764 522 2827 quae
546 2764 621 2808 eum
644 2746 688 2808 ita
711 2745 788 2824 sint,
819 2765 882 2808 naa
907 2743 1000 2808 video
1027 2765 1085 2808 aar
1108 2744 1304 2818 dubitemus.
1329 2746 1407 2827 quin

234 2849 294 2912 hoe
318 2851 386 2933 ipso
411 2852 461 2914 die
485 2853 536 2914 vei
560 2853 655 2936 paule
684 2858 755 2935 post
778 2853 899 2916 litterae
923 2853 1057 2935 scriptae
1081 2853 1152 2916 sint.
1183 2871 1287 2934 neque
1311 2851 1409 2916 verba

235 2958 265 3036 (ἓ
285 2960 305 3020 4
324 2958 396 3041 in.):
422 2978 541 3038 „mmm
565 2959 623 3022 etsi
643 2959 750 3024 amnia
769 2965 824 3022 aut
843 2959 1045 3041 scriptitasse
1069 2979 1088 3024 a
1111 2958 1176 3022 tuis
1199 2958 1334 3052 arbitrer
1352 2966 1408 3022 aut

235 3064 328 3128 etiam
358 3065 479 3128 nuntiis
509 3085 545 3127 ac
577 3084 703 3128 ramore
733 3065 853 3148 perlata
877 3085 901 3127 a.
928 3086 955 3147 q.
983 3067 1023 3128 εὖ·
1048 3065 1123 3128 huie
1147 3065 1258 3130 rationi
1285 3064 1407 3128 obstare

234 3177 354 3252 putem,
387 3193 461 3236 aum
494 3171 603 3236 Cicero
636 3172 791 3255 imprimis
825 3172 863 3234 de
896 3172 1017 3236 reditus
1049 3173 1217 3255 splendore
1253 3173 1407 3254 cogitasse

235 3279 380 3342 videatur
399 3287 494 3362 atque
520 3280 647 3363 saepius
667 3281 772 3342 Attieo
790 3317 831 3325 -
852 3289 921 3342 tum
940 3280 971 3342 in
992 3279 1090 3362 Epire
1116 3281 1322 3344 commoranti
1330 3283 1354 3362 ὅ)
1366 3319 1405 3326 —

234 3387 342 3450 esuis
370 3387 501 3450 nunties
524 3387 636 3451 allatas
660 3406 728 3450 esse
758 3389 930 3469 queminus
954 3387 1122 3470 opinemur
1144 3387 1224 3450 nibil
1248 3388 1406 3470 impediat.

233 3499 394 3575 praeterea
412 3495 520 3564 neseio
540 3515 578 3558 aa
600 3494 721 3577 aliquid
742 3494 845 3558 valeat
863 3495 903 3557 ad
923 3493 1139 3558 definiendum
1158 3499 1296 3577 tempas,
1321 3496 1406 3578 quad

286 3715 289 3724 .
323 3652 349 3719 1)
368 3637 471 3705 ὴηυῦθ
490 3668 518 3705 re
537 3647 787 3721 accuratiua'atque
808 3652 916 3706 uberius
935 3653 989 3722 egit
1008 3651 1043 3706 M.
1061 3653 1188 3721 Lange:
1209 3653 1241 3706 aa
1255 3654 1308 3710 cie.
1323 3653 1407 3710 altera

233 3742 293 3808 pest
311 3741 426 3794 reditum
446 3743 575 3810 oratione,
597 3742 674 3808 1875,
695 3759 718 3810 p.
740 3741 774 3795 18
793 3758 832 3810 sq.

322 3832 561 3900 ffimpffim

322 3922 349 3988 3)
370 3921 424 3976 eie.
444 3939 491 3990 pro
509 3922 601 3976 Plane.
620 3922 663 3989 30,
684 3922 726 3976 74.

320 4013 348 4080 4)
369 4012 402 4064 cf.
423 4011 458 4066 Μ.
477 4012 567 4082 Lange
586 4029 612 4080 p.
628 4013 663 4066 24
681 4029 733 4081 sq.;
759 4013 908 4066 Drumauui
927 4014 964 4076 (li
984 4032 1008 4082 p.
1022 4014 1102 4082 308⁴)
1122 4013 1237 4082 opinioni
1257 4015 1300 4082 (de
1319 4014 1405 4082 priore

232 4115 350 4154 annonae
369 4101 479 4154 caritate
492 4102 642 4171 cogitantis)
662 4102 735 4156 nullo
754 4101 831 4160 moda
845 4120 987 4172 possumus
1006 4105 1140 4171 assentiri3
1161 4105 1193 4157 de
1206 4104 1263 4160 eius
1277 4104 1406 4158 sententia

232 4189 265 4242 ci.
278 4189 315 4244 M.
330 4190 420 4260 Lange
440 4209 463 4260 p.
480 4193 520 4248 15.

321 4281 348 4346 5)
367 4281 563 4338 animadvertas
582 4283 680 4336 formas
699 4283 826 4350 temperis
845 4283 999 4350 praesentis.

321 4371 348 4439 6)
368 4371 401 4424 af.
421 4371 568 4424 Diumami.
588 4371 614 4424 V
632 4389 657 4440 p.
677 4373 719 4428 21.
