<?xml version="1.0" encoding="UTF-8"?>
<!DOCTYPE html PUBLIC "-//W3C//DTD XHTML 1.0 Transitional//EN"
    "http://www.w3.org/TR/xhtml1/DTD/xhtml1-transitional.dtd">
<html xmlns="http://www.w3.org/1999/xhtml" xml:lang="en" lang="en">
 <head>
  <title>
</title>
<meta http-equiv="Content-Type" content="text/html;charset=utf-8" />
  <meta name='ocr-system' content='tesseract 3.04.00' />
  <meta name='ocr-capabilities' content='ocr_page ocr_carea ocr_par ocr_line ocrx_word'/>
</head>
<body>
  <div class='ocr_page' id='page_1' title='image "./deepistulisacic00koergoog_0047.png"; bbox 0 0 3214 5074; ppageno 0'>
   <div class='ocr_carea' id='block_1_1' title="bbox 723 247 961 310">
    <p class='ocr_par' dir='ltr' id='par_1_1' title="bbox 723 247 961 310">
     <span class='ocr_line' id='line_1_1' title="bbox 723 247 961 310; baseline 0 0"><span class='ocrx_word' id='word_1_1' title='bbox 723 247 961 310; x_wconf 75' lang='lat'>—42—·</span> 
     </span>
    </p>
   </div>
   <div class='ocr_carea' id='block_1_2' title="bbox 200 423 1416 810">
    <p class='ocr_par' dir='ltr' id='par_1_2' title="bbox 200 423 1416 810">
     <span class='ocr_line' id='line_1_2' title="bbox 200 423 1415 508; baseline -0.001 -21"><span class='ocrx_word' id='word_1_2' title='bbox 200 503 204 508; x_wconf 24' lang='grc' dir='ltr'>Ι</span> <span class='ocrx_word' id='word_1_3' title='bbox 244 444 318 488; x_wconf 90' lang='lat' dir='ltr'>oum</span> <span class='ocrx_word' id='word_1_4' title='bbox 341 423 505 488; x_wconf 85' lang='lat' dir='ltr'>Caesarem</span> <span class='ocrx_word' id='word_1_5' title='bbox 535 445 599 487; x_wconf 94' lang='lat' dir='ltr'>non</span> <span class='ocrx_word' id='word_1_6' title='bbox 628 425 728 488; x_wconf 90' lang='lat' dir='ltr'>multo</span> <span class='ocrx_word' id='word_1_7' title='bbox 756 430 827 508; x_wconf 89' lang='lat' dir='ltr'>post</span> <span class='ocrx_word' id='word_1_8' title='bbox 857 424 966 500; x_wconf 79' lang='lat' dir='ltr'>Quinti</span> <span class='ocrx_word' id='word_1_9' title='bbox 997 425 1170 488; x_wconf 87' lang='lat' dir='ltr'>adventum</span> <span class='ocrx_word' id='word_1_10' title='bbox 1198 426 1320 488; x_wconf 80' lang='lat' dir='ltr'>litteras</span> <span class='ocrx_word' id='word_1_11' title='bbox 1342 424 1415 487; x_wconf 88' lang='lat' dir='ltr'>illas</span> 
     </span>
     <span class='ocr_line' id='line_1_3' title="bbox 244 531 1415 615; baseline 0.001 -22"><span class='ocrx_word' id='word_1_12' title='bbox 244 531 367 594; x_wconf 78' lang='lat' dir='ltr'>dedisse</span> <span class='ocrx_word' id='word_1_13' title='bbox 397 537 544 615; x_wconf 80' lang='lat' dir='ltr'>appareat</span> <span class='ocrx_word' id='word_1_14' title='bbox 573 551 678 615; x_wconf 89' lang='lat' dir='ltr'>nequo</span> <span class='ocrx_word' id='word_1_15' title='bbox 708 539 814 595; x_wconf 86' lang='lat' dir='ltr'>tamen</span> <span class='ocrx_word' id='word_1_16' title='bbox 842 533 898 596; x_wconf 92' lang='lat' dir='ltr'>diu</span> <span class='ocrx_word' id='word_1_17' title='bbox 928 533 1032 596; x_wconf 87' lang='lat' dir='ltr'>adhuc</span> <span class='ocrx_word' id='word_1_18' title='bbox 1063 551 1135 596; x_wconf 89' lang='lat' dir='ltr'>oum</span> <span class='ocrx_word' id='word_1_19' title='bbox 1167 532 1221 595; x_wconf 92' lang='lat' dir='ltr'>illo</span> <span class='ocrx_word' id='word_1_20' title='bbox 1251 536 1415 594; x_wconf 84' lang='lat' dir='ltr'>versatum</span> 
     </span>
     <span class='ocr_line' id='line_1_4' title="bbox 244 639 1416 724; baseline -0.001 -23"><span class='ocrx_word' id='word_1_21' title='bbox 244 659 324 719; x_wconf 71' lang='lat' dir='ltr'>esse,</span> <span class='ocrx_word' id='word_1_22' title='bbox 356 641 441 722; x_wconf 91' lang='lat' dir='ltr'>quod</span> <span class='ocrx_word' id='word_1_23' title='bbox 470 644 537 702; x_wconf 87' lang='lat' dir='ltr'>turn</span> <span class='ocrx_word' id='word_1_24' title='bbox 568 659 643 703; x_wconf 88' lang='lat' dir='ltr'>sune</span> <span class='ocrx_word' id='word_1_25' title='bbox 661 661 737 703; x_wconf 56' lang='lat' dir='ltr'>&gt;una</span> <span class='ocrx_word' id='word_1_26' title='bbox 767 659 838 704; x_wconf 88' lang='lat' dir='ltr'>cum</span> <span class='ocrx_word' id='word_1_27' title='bbox 872 639 982 715; x_wconf 79' lang='lat' dir='ltr'>Quinti</span> <span class='ocrx_word' id='word_1_28' title='bbox 1010 641 1122 703; x_wconf 85' lang='lat' dir='ltr'>litteris</span> <span class='ocrx_word' id='word_1_29' title='bbox 1150 639 1310 724; x_wconf 87' lang='lat' dir='ltr'>prioribus</span> <span class='ocrx_word' id='word_1_30' title='bbox 1340 657 1416 701; x_wconf 87' lang='lat' dir='ltr'>suas</span> 
     </span>
     <span class='ocr_line' id='line_1_5' title="bbox 244 745 543 810; baseline 0 -2"><span class='ocrx_word' id='word_1_31' title='bbox 244 745 375 810; x_wconf 87' lang='lat' dir='ltr'>Romam</span> <span class='ocrx_word' id='word_1_32' title='bbox 398 748 543 810; x_wconf 88' lang='lat' dir='ltr'>misisset.</span> 
     </span>
    </p>
   </div>
   <div class='ocr_carea' id='block_1_3' title="bbox 474 890 1185 974">
    <p class='ocr_par' dir='ltr' id='par_1_3' title="bbox 474 890 1185 974">
     <span class='ocr_line' id='line_1_6' title="bbox 474 890 1185 974; baseline -0.004 -18"><span class='ocrx_word' id='word_1_33' title='bbox 474 891 537 974; x_wconf 79' lang='lat' dir='ltr'>Ep.</span> <span class='ocrx_word' id='word_1_34' title='bbox 557 890 601 956; x_wconf 86' lang='lat' dir='ltr'>ad</span> <span class='ocrx_word' id='word_1_35' title='bbox 625 890 812 956; x_wconf 81' lang='lat' dir='ltr'>fam.v11.</span> <span class='ocrx_word' id='word_1_36' title='bbox 838 892 870 956; x_wconf 81' lang='lat'>7:</span> <span class='ocrx_word' id='word_1_37' title='bbox 901 891 1009 956; x_wconf 86' lang='lat' dir='ltr'>Cicero</span> <span class='ocrx_word' id='word_1_38' title='bbox 1032 890 1185 954; x_wconf 83' lang='lat' dir='ltr'>Trebatio.</span> 
     </span>
    </p>
   </div>
   <div class='ocr_carea' id='block_1_4' title="bbox 224 1014 1413 2496">
    <p class='ocr_par' dir='ltr' id='par_1_4' title="bbox 244 1014 1224 1099">
     <span class='ocr_line' id='line_1_7' title="bbox 244 1014 1224 1099; baseline -0.001 -21"><span class='ocrx_word' id='word_1_39' title='bbox 244 1014 506 1078; x_wconf 82' lang='lat' dir='ltr'>Schuetzius:</span> <span class='ocrx_word' id='word_1_40' title='bbox 532 1036 588 1079; x_wconf 88' lang='lat' dir='ltr'>scr.</span> <span class='ocrx_word' id='word_1_41' title='bbox 609 1015 728 1080; x_wconf 84' lang='lat' dir='ltr'>Rornae</span> <span class='ocrx_word' id='word_1_42' title='bbox 751 1035 859 1080; x_wconf 89' lang='lat' dir='ltr'>mense</span> <span class='ocrx_word' id='word_1_43' title='bbox 883 1017 986 1099; x_wconf 79' lang='lat' dir='ltr'>Aprili</span> <span class='ocrx_word' id='word_1_44' title='bbox 1011 1038 1035 1080; x_wconf 93' lang='lat' dir='ltr'>a.</span> <span class='ocrx_word' id='word_1_45' title='bbox 1056 1037 1086 1079; x_wconf 91' lang='lat' dir='ltr'>u.</span> <span class='ocrx_word' id='word_1_46' title='bbox 1106 1036 1131 1078; x_wconf 91' lang='lat' dir='ltr'>c.</span> <span class='ocrx_word' id='word_1_47' title='bbox 1152 1016 1224 1079; x_wconf 87' lang='grc'>699.</span> 
     </span>
    </p>

    <p class='ocr_par' dir='ltr' id='par_1_5' title="bbox 245 1121 552 1204">
     <span class='ocr_line' id='line_1_8' title="bbox 245 1121 552 1204; baseline 0.007 -20"><span class='ocrx_word' id='word_1_48' title='bbox 245 1121 416 1186; x_wconf 81' lang='lat' dir='ltr'>Gruber:</span> <span class='ocrx_word' id='word_1_49' title='bbox 450 1123 552 1204; x_wconf 85' lang='lat' dir='ltr'>(Mai).</span> 
     </span>
    </p>

    <p class='ocr_par' dir='ltr' id='par_1_6' title="bbox 224 1230 1125 1319">
     <span class='ocr_line' id='line_1_9' title="bbox 224 1230 1125 1319; baseline 0.002 -27"><span class='ocrx_word' id='word_1_50' title='bbox 224 1230 424 1319; x_wconf 22' lang='lat' dir='ltr'>*Suepflez</span> <span class='ocrx_word' id='word_1_51' title='bbox 450 1251 507 1294; x_wconf 89' lang='lat' dir='ltr'>sor.</span> <span class='ocrx_word' id='word_1_52' title='bbox 527 1230 646 1294; x_wconf 87' lang='lat' dir='ltr'>Romae</span> <span class='ocrx_word' id='word_1_53' title='bbox 670 1251 778 1295; x_wconf 89' lang='lat' dir='ltr'>mense</span> <span class='ocrx_word' id='word_1_54' title='bbox 802 1231 886 1294; x_wconf 86' lang='lat' dir='ltr'>Maio</span> <span class='ocrx_word' id='word_1_55' title='bbox 910 1254 935 1295; x_wconf 89' lang='lat' dir='ltr'>a.</span> <span class='ocrx_word' id='word_1_56' title='bbox 956 1253 986 1294; x_wconf 88' lang='lat' dir='ltr'>u.</span> <span class='ocrx_word' id='word_1_57' title='bbox 1007 1252 1031 1294; x_wconf 88' lang='lat' dir='ltr'>c.</span> <span class='ocrx_word' id='word_1_58' title='bbox 1053 1233 1125 1295; x_wconf 82' lang='lat'><strong>700.</strong></span> 
     </span>
    </p>

    <p class='ocr_par' dir='ltr' id='par_1_7' title="bbox 244 1337 1045 1406">
     <span class='ocr_line' id='line_1_10' title="bbox 244 1337 1045 1406; baseline 0.007 -6"><span class='ocrx_word' id='word_1_59' title='bbox 244 1337 396 1401; x_wconf 87' lang='lat' dir='ltr'>Baiter:</span> <span class='ocrx_word' id='word_1_60' title='bbox 1040 1394 1045 1406; x_wconf 94' lang='lat'>.</span> 
     </span>
    </p>

    <p class='ocr_par' dir='ltr' id='par_1_8' title="bbox 243 1391 1306 1528">
     <span class='ocr_line' id='line_1_11' title="bbox 243 1391 1306 1508; baseline -0.007 -51"><span class='ocrx_word' id='word_1_61' title='bbox 243 1445 567 1508; x_wconf 30' lang='lat' dir='ltr'>Wesenberffiuy</span> <span class='ocrx_word' id='word_1_62' title='bbox 633 1413 690 1456; x_wconf 92' lang='lat' dir='ltr'>scr.</span> <span class='ocrx_word' id='word_1_63' title='bbox 710 1391 829 1456; x_wconf 86' lang='lat' dir='ltr'>Romae</span> <span class='ocrx_word' id='word_1_64' title='bbox 853 1413 960 1456; x_wconf 88' lang='lat' dir='ltr'>mense</span> <span class='ocrx_word' id='word_1_65' title='bbox 984 1393 1068 1455; x_wconf 87' lang='lat' dir='ltr'>Maro</span> <span class='ocrx_word' id='word_1_66' title='bbox 1093 1413 1118 1456; x_wconf 90' lang='lat' dir='ltr'>a.</span> <span class='ocrx_word' id='word_1_67' title='bbox 1139 1413 1169 1456; x_wconf 94' lang='lat' dir='ltr'>u.</span> <span class='ocrx_word' id='word_1_68' title='bbox 1188 1412 1213 1454; x_wconf 92' lang='lat' dir='ltr'>c.</span> <span class='ocrx_word' id='word_1_69' title='bbox 1235 1391 1306 1455; x_wconf 79' lang='lat'><strong>700.</strong></span> 
     </span>
     <span class='ocr_line' id='line_1_12' title="bbox 461 1493 567 1528; baseline 0 -20"><span class='ocrx_word' id='word_1_70' title='bbox 461 1493 479 1528; x_wconf 74' lang='lat' dir='ltr'>e</span> <span class='ocrx_word' id='word_1_71' title='bbox 561 1497 567 1508; x_wconf 91' lang='lat'>.</span> 
     </span>
    </p>

    <p class='ocr_par' dir='ltr' id='par_1_9' title="bbox 243 1550 1413 2496">
     <span class='ocr_line' id='line_1_13' title="bbox 333 1550 1412 1638; baseline -0.003 -23"><span class='ocrx_word' id='word_1_72' title='bbox 333 1552 413 1616; x_wconf 82' lang='lat' dir='ltr'>Cum</span> <span class='ocrx_word' id='word_1_73' title='bbox 430 1554 508 1617; x_wconf 86' lang='lat' dir='ltr'>haec</span> <span class='ocrx_word' id='word_1_74' title='bbox 524 1555 660 1637; x_wconf 86' lang='lat' dir='ltr'>epistula</span> <span class='ocrx_word' id='word_1_75' title='bbox 678 1555 794 1637; x_wconf 90' lang='lat' dir='ltr'>scripta</span> <span class='ocrx_word' id='word_1_76' title='bbox 810 1560 869 1634; x_wconf 71' lang='lat' dir='ltr'>est,</span> <span class='ocrx_word' id='word_1_77' title='bbox 889 1555 1011 1638; x_wconf 91' lang='lat' dir='ltr'>aliquid</span> <span class='ocrx_word' id='word_1_78' title='bbox 1030 1555 1179 1636; x_wconf 87' lang='lat' dir='ltr'>temporis</span> <span class='ocrx_word' id='word_1_79' title='bbox 1196 1552 1235 1616; x_wconf 91' lang='lat' dir='ltr'>ab</span> <span class='ocrx_word' id='word_1_80' title='bbox 1250 1550 1376 1634; x_wconf 87' lang='lat' dir='ltr'>epVH.</span> <span class='ocrx_word' id='word_1_81' title='bbox 1393 1551 1412 1612; x_wconf 90' lang='lat'>6</span> 
     </span>
     <span class='ocr_line' id='line_1_14' title="bbox 243 1662 1411 1745; baseline -0.005 -21"><span class='ocrx_word' id='word_1_82' title='bbox 243 1662 360 1743; x_wconf 87' lang='lat' dir='ltr'>scripta</span> <span class='ocrx_word' id='word_1_83' title='bbox 374 1663 588 1724; x_wconf 81' lang='lat' dir='ltr'>intercessisse</span> <span class='ocrx_word' id='word_1_84' title='bbox 607 1662 778 1724; x_wconf 90' lang='lat' dir='ltr'>verisimile</span> <span class='ocrx_word' id='word_1_85' title='bbox 798 1668 845 1726; x_wconf 87' lang='lat' dir='ltr'>est</span> <span class='ocrx_word' id='word_1_86' title='bbox 864 1663 954 1742; x_wconf 74' lang='lat'><strong>(§1):</strong></span> <span class='ocrx_word' id='word_1_87' title='bbox 976 1667 1168 1745; x_wconf 86' lang='lat' dir='ltr'>quapropter</span> <span class='ocrx_word' id='word_1_88' title='bbox 1187 1680 1255 1724; x_wconf 88' lang='lat' dir='ltr'>eam</span> <span class='ocrx_word' id='word_1_89' title='bbox 1275 1663 1411 1722; x_wconf 83' lang='lat' dir='ltr'>exeunte</span> 
     </span>
     <span class='ocr_line' id='line_1_15' title="bbox 243 1764 1411 1852; baseline -0.003 -22"><span class='ocrx_word' id='word_1_90' title='bbox 243 1768 307 1831; x_wconf 86' lang='lat' dir='ltr'>fere</span> <span class='ocrx_word' id='word_1_91' title='bbox 331 1788 440 1832; x_wconf 88' lang='lat' dir='ltr'>meuse</span> <span class='ocrx_word' id='word_1_92' title='bbox 458 1769 551 1832; x_wconf 91' lang='lat' dir='ltr'>lunio</span> <span class='ocrx_word' id='word_1_93' title='bbox 571 1769 675 1832; x_wconf 88' lang='lat' dir='ltr'>datam</span> <span class='ocrx_word' id='word_1_94' title='bbox 694 1769 836 1850; x_wconf 84' lang='lat' dir='ltr'>arbitror,</span> <span class='ocrx_word' id='word_1_95' title='bbox 861 1769 946 1851; x_wconf 91' lang='lat' dir='ltr'>quod</span> <span class='ocrx_word' id='word_1_96' title='bbox 967 1775 1092 1852; x_wconf 88' lang='lat' dir='ltr'>tempus</span> <span class='ocrx_word' id='word_1_97' title='bbox 1115 1769 1222 1836; x_wconf 91' lang='lat' dir='ltr'>nescio</span> <span class='ocrx_word' id='word_1_98' title='bbox 1242 1787 1281 1829; x_wconf 91' lang='lat' dir='ltr'>an</span> <span class='ocrx_word' id='word_1_99' title='bbox 1301 1764 1411 1828; x_wconf 88' lang='lat' dir='ltr'>confir-</span> 
     </span>
     <span class='ocr_line' id='line_1_16' title="bbox 243 1872 1411 1956; baseline -0.004 -19"><span class='ocrx_word' id='word_1_100' title='bbox 243 1881 346 1938; x_wconf 88' lang='lat' dir='ltr'>metur</span> <span class='ocrx_word' id='word_1_101' title='bbox 364 1875 470 1945; x_wconf 85' lang='lat' dir='ltr'>verbis</span> <span class='ocrx_word' id='word_1_102' title='bbox 485 1876 538 1938; x_wconf 88' lang='lat' dir='ltr'>his</span> <span class='ocrx_word' id='word_1_103' title='bbox 555 1877 584 1956; x_wconf 61' lang='grc' dir='ltr'>(ἓ</span> <span class='ocrx_word' id='word_1_104' title='bbox 602 1878 643 1956; x_wconf 83' lang='grc'>1);</span> <span class='ocrx_word' id='word_1_105' title='bbox 670 1877 720 1956; x_wconf 78' lang='lat' dir='ltr'>„in</span> <span class='ocrx_word' id='word_1_106' title='bbox 739 1875 905 1938; x_wconf 86' lang='lat' dir='ltr'>Britannia</span> <span class='ocrx_word' id='word_1_107' title='bbox 921 1876 1001 1938; x_wconf 90' lang='lat' dir='ltr'>nihil</span> <span class='ocrx_word' id='word_1_108' title='bbox 1021 1895 1089 1938; x_wconf 86' lang='lat' dir='ltr'>esse</span> <span class='ocrx_word' id='word_1_109' title='bbox 1110 1875 1204 1938; x_wconf 91' lang='lat' dir='ltr'>audio</span> <span class='ocrx_word' id='word_1_110' title='bbox 1224 1892 1329 1956; x_wconf 89' lang='lat' dir='ltr'>neque</span> <span class='ocrx_word' id='word_1_111' title='bbox 1345 1872 1411 1934; x_wconf 89' lang='lat' dir='ltr'>auri</span> 
     </span>
     <span class='ocr_line' id='line_1_17' title="bbox 243 1979 1410 2065; baseline -0.007 -19"><span class='ocrx_word' id='word_1_112' title='bbox 243 2001 347 2065; x_wconf 88' lang='lat' dir='ltr'>nequo</span> <span class='ocrx_word' id='word_1_113' title='bbox 371 1984 520 2064; x_wconf 70' lang='lat' dir='ltr'>argenti‘,</span> <span class='ocrx_word' id='word_1_114' title='bbox 547 2002 629 2064; x_wconf 88' lang='lat' dir='ltr'>quae</span> <span class='ocrx_word' id='word_1_115' title='bbox 653 1983 763 2046; x_wconf 87' lang='lat' dir='ltr'>eadem</span> <span class='ocrx_word' id='word_1_116' title='bbox 784 1983 850 2045; x_wconf 87' lang='lat' dir='ltr'>fere</span> <span class='ocrx_word' id='word_1_117' title='bbox 873 1984 907 2044; x_wconf 86' lang='lat' dir='ltr'>in</span> <span class='ocrx_word' id='word_1_118' title='bbox 931 2002 977 2065; x_wconf 90' lang='lat' dir='ltr'>ep.</span> <span class='ocrx_word' id='word_1_119' title='bbox 1002 1984 1041 2044; x_wconf 88' lang='lat' dir='ltr'>ad</span> <span class='ocrx_word' id='word_1_120' title='bbox 1065 1984 1129 2046; x_wconf 90' lang='lat' dir='ltr'>Att.</span> <span class='ocrx_word' id='word_1_121' title='bbox 1154 1981 1209 2045; x_wconf 90' lang='lat' dir='ltr'>IV.</span> <span class='ocrx_word' id='word_1_122' title='bbox 1236 1983 1286 2060; x_wconf 92' lang='grc'>16,</span> <span class='ocrx_word' id='word_1_123' title='bbox 1312 1981 1351 2042; x_wconf 88' lang='grc'>13</span> <span class='ocrx_word' id='word_1_124' title='bbox 1372 1979 1410 2056; x_wconf 82' lang='grc'>(7)</span> 
     </span>
     <span class='ocr_line' id='line_1_18' title="bbox 243 2086 1411 2174; baseline -0.008 -20"><span class='ocrx_word' id='word_1_125' title='bbox 243 2092 394 2174; x_wconf 82' lang='lat' dir='ltr'>leguntur</span> <span class='ocrx_word' id='word_1_126' title='bbox 416 2091 546 2153; x_wconf 87' lang='lat' dir='ltr'>incunte</span> <span class='ocrx_word' id='word_1_127' title='bbox 569 2109 677 2154; x_wconf 87' lang='lat' dir='ltr'>menso</span> <span class='ocrx_word' id='word_1_128' title='bbox 702 2088 833 2164; x_wconf 79' lang='lat' dir='ltr'>Quintili</span> <span class='ocrx_word' id='word_1_129' title='bbox 859 2091 989 2172; x_wconf 88' lang='lat' dir='ltr'>scripta:</span> <span class='ocrx_word' id='word_1_130' title='bbox 1016 2141 1044 2170; x_wconf 92' lang='grc'>,,.</span> <span class='ocrx_word' id='word_1_131' title='bbox 1065 2139 1071 2152; x_wconf 93' lang='grc'><strong>.</strong></span> <span class='ocrx_word' id='word_1_132' title='bbox 1092 2140 1097 2152; x_wconf 95' lang='grc'><strong><em>.</em></strong></span> <span class='ocrx_word' id='word_1_133' title='bbox 1118 2091 1212 2152; x_wconf 88' lang='lat' dir='ltr'>etiam</span> <span class='ocrx_word' id='word_1_134' title='bbox 1239 2086 1322 2150; x_wconf 91' lang='lat' dir='ltr'>illud</span> <span class='ocrx_word' id='word_1_135' title='bbox 1351 2087 1411 2146; x_wconf 86' lang='lat' dir='ltr'>ianr</span> 
     </span>
     <span class='ocr_line' id='line_1_19' title="bbox 244 2193 1413 2282; baseline -0.004 -23"><span class='ocrx_word' id='word_1_136' title='bbox 244 2199 407 2280; x_wconf 82' lang='lat' dir='ltr'>cognitum</span> <span class='ocrx_word' id='word_1_137' title='bbox 431 2205 478 2261; x_wconf 87' lang='lat' dir='ltr'>est</span> <span class='ocrx_word' id='word_1_138' title='bbox 501 2218 606 2282; x_wconf 89' lang='lat' dir='ltr'>neque</span> <span class='ocrx_word' id='word_1_139' title='bbox 626 2199 749 2282; x_wconf 86' lang='lat' dir='ltr'>argenti</span> <span class='ocrx_word' id='word_1_140' title='bbox 768 2198 944 2282; x_wconf 80' lang='lat' dir='ltr'>scripulum</span> <span class='ocrx_word' id='word_1_141' title='bbox 964 2218 1032 2262; x_wconf 89' lang='lat' dir='ltr'>esse</span> <span class='ocrx_word' id='word_1_142' title='bbox 1057 2199 1161 2261; x_wconf 89' lang='lat' dir='ltr'>ullum</span> <span class='ocrx_word' id='word_1_143' title='bbox 1183 2199 1215 2258; x_wconf 94' lang='lat' dir='ltr'>in</span> <span class='ocrx_word' id='word_1_144' title='bbox 1235 2196 1292 2258; x_wconf 91' lang='lat' dir='ltr'>illa</span> <span class='ocrx_word' id='word_1_145' title='bbox 1310 2193 1413 2256; x_wconf 90' lang='lat' dir='ltr'>insula</span> 
     </span>
     <span class='ocr_line' id='line_1_20' title="bbox 243 2301 1412 2389; baseline -0.006 -21"><span class='ocrx_word' id='word_1_146' title='bbox 243 2325 348 2389; x_wconf 88' lang='lat' dir='ltr'>neque</span> <span class='ocrx_word' id='word_1_147' title='bbox 376 2307 475 2369; x_wconf 91' lang='lat' dir='ltr'>ullam</span> <span class='ocrx_word' id='word_1_148' title='bbox 503 2326 591 2389; x_wconf 88' lang='lat' dir='ltr'>spem</span> <span class='ocrx_word' id='word_1_149' title='bbox 618 2307 753 2389; x_wconf 89' lang='lat' dir='ltr'>praedae</span> <span class='ocrx_word' id='word_1_150' title='bbox 785 2307 847 2368; x_wconf 90' lang='lat' dir='ltr'>nisi</span> <span class='ocrx_word' id='word_1_151' title='bbox 876 2326 915 2369; x_wconf 84' lang='lat' dir='ltr'>ex</span> <span class='ocrx_word' id='word_1_152' title='bbox 950 2307 1143 2389; x_wconf 79' lang='lat' dir='ltr'>mancipiis.“</span> <span class='ocrx_word' id='word_1_153' title='bbox 1153 2305 1177 2387; x_wconf 87' lang='lat'>¹)</span> <span class='ocrx_word' id='word_1_154' title='bbox 1207 2305 1284 2368; x_wconf 89' lang='lat' dir='ltr'>viris</span> <span class='ocrx_word' id='word_1_155' title='bbox 1315 2301 1412 2364; x_wconf 88' lang='lat' dir='ltr'>doctis</span> 
     </span>
     <span class='ocr_line' id='line_1_21' title="bbox 243 2402 1412 2496; baseline -0.005 -20"><span class='ocrx_word' id='word_1_156' title='bbox 243 2432 352 2476; x_wconf 89' lang='lat' dir='ltr'>mense</span> <span class='ocrx_word' id='word_1_157' title='bbox 368 2415 452 2477; x_wconf 88' lang='lat' dir='ltr'>Maio</span> <span class='ocrx_word' id='word_1_158' title='bbox 470 2433 539 2476; x_wconf 85' lang='lat' dir='ltr'>eam</span> <span class='ocrx_word' id='word_1_159' title='bbox 559 2415 728 2496; x_wconf 86' lang='lat' dir='ltr'>epistulam</span> <span class='ocrx_word' id='word_1_160' title='bbox 745 2415 894 2496; x_wconf 83' lang='lat' dir='ltr'>scriptam</span> <span class='ocrx_word' id='word_1_161' title='bbox 912 2414 1071 2476; x_wconf 84' lang='lat' dir='ltr'>arbitratis</span> <span class='ocrx_word' id='word_1_162' title='bbox 1088 2413 1121 2476; x_wconf 90' lang='lat' dir='ltr'>id</span> <span class='ocrx_word' id='word_1_163' title='bbox 1143 2402 1271 2495; x_wconf 90' lang='lat' dir='ltr'>quoque</span> <span class='ocrx_word' id='word_1_164' title='bbox 1291 2409 1412 2472; x_wconf 86' lang='lat' dir='ltr'>obstare</span> 
     </span>
    </p>
   </div>
   <div class='ocr_carea' id='block_1_5' title="bbox 243 2517 1413 2925">
    <p class='ocr_par' dir='ltr' id='par_1_10' title="bbox 243 2517 1413 2925">
     <span class='ocr_line' id='line_1_22' title="bbox 244 2517 1413 2612; baseline -0.005 -29"><span class='ocrx_word' id='word_1_165' title='bbox 244 2522 324 2583; x_wconf 90' lang='lat' dir='ltr'>mihi</span> <span class='ocrx_word' id='word_1_166' title='bbox 344 2523 478 2601; x_wconf 81' lang='lat' dir='ltr'>videtur,</span> <span class='ocrx_word' id='word_1_167' title='bbox 504 2523 589 2605; x_wconf 93' lang='lat' dir='ltr'>quod</span> <span class='ocrx_word' id='word_1_168' title='bbox 613 2521 721 2584; x_wconf 80' lang='lat' dir='ltr'>Cicero</span> <span class='ocrx_word' id='word_1_169' title='bbox 746 2523 878 2585; x_wconf 84' lang='lat' dir='ltr'>afratro</span> <span class='ocrx_word' id='word_1_170' title='bbox 897 2523 957 2586; x_wconf 91' lang='lat' dir='ltr'>sibi</span> <span class='ocrx_word' id='word_1_171' title='bbox 977 2523 1097 2586; x_wconf 89' lang='lat' dir='ltr'>litteras</span> <span class='ocrx_word' id='word_1_172' title='bbox 1116 2521 1285 2612; x_wconf 87' lang='lat' dir='ltr'>aliquoties</span> <span class='ocrx_word' id='word_1_173' title='bbox 1305 2517 1413 2580; x_wconf 83' lang='lat' dir='ltr'>allatas</span> 
     </span>
     <span class='ocr_line' id='line_1_23' title="bbox 245 2623 1410 2712; baseline -0.005 -21"><span class='ocrx_word' id='word_1_174' title='bbox 245 2648 313 2692; x_wconf 89' lang='lat' dir='ltr'>esse</span> <span class='ocrx_word' id='word_1_175' title='bbox 344 2629 466 2692; x_wconf 86' lang='lat' dir='ltr'>scribit:</span> <span class='ocrx_word' id='word_1_176' title='bbox 501 2649 576 2692; x_wconf 87' lang='lat' dir='ltr'>narn</span> <span class='ocrx_word' id='word_1_177' title='bbox 605 2635 729 2712; x_wconf 87' lang='lat' dir='ltr'>praeter</span> <span class='ocrx_word' id='word_1_178' title='bbox 759 2629 838 2692; x_wconf 88' lang='lat' dir='ltr'>duas</span> <span class='ocrx_word' id='word_1_179' title='bbox 868 2631 939 2692; x_wconf 87' lang='lat' dir='ltr'>illas</span> <span class='ocrx_word' id='word_1_180' title='bbox 970 2631 1121 2712; x_wconf 88' lang='lat' dir='ltr'>epistulas</span> <span class='ocrx_word' id='word_1_181' title='bbox 1151 2629 1201 2712; x_wconf 86' lang='lat' dir='ltr'>(of.</span> <span class='ocrx_word' id='word_1_182' title='bbox 1222 2647 1267 2710; x_wconf 90' lang='lat' dir='ltr'>ep.</span> <span class='ocrx_word' id='word_1_183' title='bbox 1288 2626 1336 2688; x_wconf 88' lang='lat' dir='ltr'>ad.</span> <span class='ocrx_word' id='word_1_184' title='bbox 1357 2623 1410 2698; x_wconf 81' lang='lat' dir='ltr'>Qu.</span> 
     </span>
     <span class='ocr_line' id='line_1_24' title="bbox 243 2736 1412 2821; baseline -0.001 -25"><span class='ocrx_word' id='word_1_185' title='bbox 243 2736 279 2799; x_wconf 86' lang='lat' dir='ltr'>fr.</span> <span class='ocrx_word' id='word_1_186' title='bbox 299 2736 339 2800; x_wconf 92' lang='grc' dir='ltr'>ΙΙ.</span> <span class='ocrx_word' id='word_1_187' title='bbox 363 2740 416 2818; x_wconf 77' lang='grc'>12,</span> <span class='ocrx_word' id='word_1_188' title='bbox 443 2740 471 2816; x_wconf 90' lang='grc'>1)</span> <span class='ocrx_word' id='word_1_189' title='bbox 498 2757 571 2800; x_wconf 88' lang='lat' dir='ltr'>ane</span> <span class='ocrx_word' id='word_1_190' title='bbox 594 2757 737 2800; x_wconf 89' lang='lat' dir='ltr'>mensem</span> <span class='ocrx_word' id='word_1_191' title='bbox 761 2738 892 2801; x_wconf 87' lang='lat' dir='ltr'>Iunium</span> <span class='ocrx_word' id='word_1_192' title='bbox 916 2738 966 2821; x_wconf 82' lang='lat' dir='ltr'>(cf.</span> <span class='ocrx_word' id='word_1_193' title='bbox 991 2757 1037 2820; x_wconf 89' lang='lat' dir='ltr'>ep.</span> <span class='ocrx_word' id='word_1_194' title='bbox 1066 2740 1119 2818; x_wconf 89' lang='grc'>13,</span> <span class='ocrx_word' id='word_1_195' title='bbox 1146 2740 1174 2817; x_wconf 82' lang='lat'>1)</span> <span class='ocrx_word' id='word_1_196' title='bbox 1199 2736 1304 2798; x_wconf 89' lang='lat' dir='ltr'>nullas</span> <span class='ocrx_word' id='word_1_197' title='bbox 1328 2751 1412 2796; x_wconf 79' lang='lat' dir='ltr'>acce</span> 
     </span>
     <span class='ocr_line' id='line_1_25' title="bbox 244 2843 487 2925; baseline 0.008 -21"><span class='ocrx_word' id='word_1_198' title='bbox 244 2843 329 2925; x_wconf 87' lang='lat' dir='ltr'>pisse</span> <span class='ocrx_word' id='word_1_199' title='bbox 352 2843 487 2907; x_wconf 87' lang='lat' dir='ltr'>videtur.</span> 
     </span>
    </p>
   </div>
   <div class='ocr_carea' id='block_1_6' title="bbox 168 3021 1418 4204">
    <p class='ocr_par' dir='ltr' id='par_1_11' title="bbox 168 3021 1418 3653">
     <span class='ocr_line' id='line_1_26' title="bbox 335 3021 1415 3106; baseline -0.004 -21"><span class='ocrx_word' id='word_1_200' title='bbox 335 3022 487 3086; x_wconf 89' lang='lat' dir='ltr'>Ordinem</span> <span class='ocrx_word' id='word_1_201' title='bbox 506 3024 713 3106; x_wconf 89' lang='lat' dir='ltr'>epistularum</span> <span class='ocrx_word' id='word_1_202' title='bbox 733 3023 807 3085; x_wconf 92' lang='lat' dir='ltr'>libri</span> <span class='ocrx_word' id='word_1_203' title='bbox 827 3025 866 3086; x_wconf 90' lang='lat' dir='ltr'>ad</span> <span class='ocrx_word' id='word_1_204' title='bbox 881 3024 1025 3086; x_wconf 89' lang='lat' dir='ltr'>Atticum</span> <span class='ocrx_word' id='word_1_205' title='bbox 1046 3024 1150 3106; x_wconf 88' lang='lat' dir='ltr'>quarti</span> <span class='ocrx_word' id='word_1_206' title='bbox 1170 3023 1317 3086; x_wconf 82' lang='lat' dir='ltr'>exeuntis</span> <span class='ocrx_word' id='word_1_207' title='bbox 1338 3021 1415 3082; x_wconf 90' lang='lat' dir='ltr'>mire</span> 
     </span>
     <span class='ocr_line' id='line_1_27' title="bbox 241 3129 1415 3214; baseline -0.005 -20"><span class='ocrx_word' id='word_1_208' title='bbox 241 3132 462 3214; x_wconf 85' lang='lat' dir='ltr'>perturbatum</span> <span class='ocrx_word' id='word_1_209' title='bbox 484 3131 635 3196; x_wconf 83' lang='lat' dir='ltr'>Theodor.</span> <span class='ocrx_word' id='word_1_210' title='bbox 656 3131 906 3212; x_wconf 80' lang='lat' dir='ltr'>Mommsenus2)</span> <span class='ocrx_word' id='word_1_211' title='bbox 935 3133 1119 3195; x_wconf 88' lang='lat' dir='ltr'>acutissimo</span> <span class='ocrx_word' id='word_1_212' title='bbox 1143 3139 1253 3213; x_wconf 83' lang='lat' dir='ltr'>atque,</span> <span class='ocrx_word' id='word_1_213' title='bbox 1277 3136 1313 3192; x_wconf 91' lang='lat' dir='ltr'>ut</span> <span class='ocrx_word' id='word_1_214' title='bbox 1337 3129 1415 3190; x_wconf 90' lang='lat' dir='ltr'>mihi</span> 
     </span>
     <span class='ocr_line' id='line_1_28' title="bbox 242 3238 1416 3321; baseline -0.002 -22"><span class='ocrx_word' id='word_1_215' title='bbox 242 3239 379 3320; x_wconf 75' lang='lat' dir='ltr'>ridetur,</span> <span class='ocrx_word' id='word_1_216' title='bbox 402 3241 577 3302; x_wconf 88' lang='lat' dir='ltr'>rectissimo</span> <span class='ocrx_word' id='word_1_217' title='bbox 600 3241 752 3321; x_wconf 83' lang='lat' dir='ltr'>restituit,</span> <span class='ocrx_word' id='word_1_218' title='bbox 783 3259 856 3302; x_wconf 87' lang='lat' dir='ltr'>cum</span> <span class='ocrx_word' id='word_1_219' title='bbox 887 3241 1106 3303; x_wconf 85' lang='lat' dir='ltr'>confusionem</span> <span class='ocrx_word' id='word_1_220' title='bbox 1130 3258 1146 3302; x_wconf 92' lang='lat' dir='ltr'>e</span> <span class='ocrx_word' id='word_1_221' title='bbox 1170 3238 1416 3320; x_wconf 87' lang='lat' dir='ltr'>transpositione</span> 
     </span>
     <span class='ocr_line' id='line_1_29' title="bbox 168 3345 1416 3437; baseline -0.002 -29"><span class='ocrx_word' id='word_1_222' title='bbox 168 3431 170 3437; x_wconf 28' lang='grc' dir='ltr'>Ι</span> <span class='ocrx_word' id='word_1_223' title='bbox 244 3347 409 3429; x_wconf 88' lang='lat' dir='ltr'>archetypi</span> <span class='ocrx_word' id='word_1_224' title='bbox 433 3347 551 3410; x_wconf 88' lang='lat' dir='ltr'>codicis</span> <span class='ocrx_word' id='word_1_225' title='bbox 574 3347 723 3410; x_wconf 83' lang='lat' dir='ltr'>foliorum</span> <span class='ocrx_word' id='word_1_226' title='bbox 749 3353 850 3411; x_wconf 87' lang='lat' dir='ltr'>ortam</span> <span class='ocrx_word' id='word_1_227' title='bbox 875 3368 943 3411; x_wconf 90' lang='lat' dir='ltr'>esse</span> <span class='ocrx_word' id='word_1_228' title='bbox 961 3349 1190 3424; x_wconf 54' lang='lat' dir='ltr'>intellexissem</span> <span class='ocrx_word' id='word_1_229' title='bbox 1215 3364 1320 3429; x_wconf 87' lang='lat' dir='ltr'>neque</span> <span class='ocrx_word' id='word_1_230' title='bbox 1340 3345 1416 3406; x_wconf 91' lang='lat' dir='ltr'>solis</span> 
     </span>
     <span class='ocr_line' id='line_1_30' title="bbox 244 3453 1418 3538; baseline -0.002 -22"><span class='ocrx_word' id='word_1_231' title='bbox 244 3455 440 3536; x_wconf 85' lang='lat' dir='ltr'>argumentis</span> <span class='ocrx_word' id='word_1_232' title='bbox 460 3474 501 3517; x_wconf 82' lang='lat' dir='ltr'>ex</span> <span class='ocrx_word' id='word_1_233' title='bbox 524 3454 621 3517; x_wconf 90' lang='lat' dir='ltr'>rebus</span> <span class='ocrx_word' id='word_1_234' title='bbox 644 3457 783 3518; x_wconf 87' lang='lat' dir='ltr'>narratis</span> <span class='ocrx_word' id='word_1_235' title='bbox 807 3457 913 3538; x_wconf 87' lang='lat' dir='ltr'>petitis</span> <span class='ocrx_word' id='word_1_236' title='bbox 933 3457 1123 3519; x_wconf 85' lang='lat' dir='ltr'>sententiam</span> <span class='ocrx_word' id='word_1_237' title='bbox 1147 3455 1249 3536; x_wconf 85' lang='lat' dir='ltr'>fulsit,</span> <span class='ocrx_word' id='word_1_238' title='bbox 1273 3455 1329 3516; x_wconf 91' lang='lat' dir='ltr'>sed</span> <span class='ocrx_word' id='word_1_239' title='bbox 1347 3453 1418 3535; x_wconf 89' lang='lat' dir='ltr'>ipsa</span> 
     </span>
     <span class='ocr_line' id='line_1_31' title="bbox 244 3561 1128 3653; baseline 0 -29"><span class='ocrx_word' id='word_1_240' title='bbox 244 3561 311 3624; x_wconf 88' lang='lat' dir='ltr'>cod.</span> <span class='ocrx_word' id='word_1_241' title='bbox 331 3561 465 3625; x_wconf 90' lang='lat' dir='ltr'>Medicei</span> <span class='ocrx_word' id='word_1_242' title='bbox 490 3562 710 3647; x_wconf 83' lang='lat' dir='ltr'>dispositione,</span> <span class='ocrx_word' id='word_1_243' title='bbox 735 3583 831 3645; x_wconf 89' lang='lat' dir='ltr'>quam</span> <span class='ocrx_word' id='word_1_244' title='bbox 856 3564 1007 3653; x_wconf 79' lang='lat' dir='ltr'>adscribit</span> <span class='ocrx_word' id='word_1_245' title='bbox 1030 3564 1128 3625; x_wconf 89' lang='lat' dir='ltr'>hanc:</span> 
     </span>
    </p>

    <p class='ocr_par' dir='ltr' id='par_1_12' title="bbox 334 3670 1417 4204">
     <span class='ocr_line' id='line_1_32' title="bbox 422 3670 1079 3752; baseline 0.002 -20"><span class='ocrx_word' id='word_1_246' title='bbox 422 3689 467 3752; x_wconf 92' lang='lat' dir='ltr'>ep.</span> <span class='ocrx_word' id='word_1_247' title='bbox 489 3670 528 3733; x_wconf 89' lang='lat' dir='ltr'>ad</span> <span class='ocrx_word' id='word_1_248' title='bbox 552 3671 617 3733; x_wconf 79' lang='lat' dir='ltr'>Att.</span> <span class='ocrx_word' id='word_1_249' title='bbox 637 3670 693 3734; x_wconf 81' lang='lat' dir='ltr'>IV.</span> <span class='ocrx_word' id='word_1_250' title='bbox 720 3672 760 3735; x_wconf 89' lang='lat'>16</span> <span class='ocrx_word' id='word_1_251' title='bbox 786 3672 825 3752; x_wconf 60' lang='grc' dir='ltr'>ἐξ</span> <span class='ocrx_word' id='word_1_252' title='bbox 853 3674 946 3752; x_wconf 82' lang='grc'>1-5,</span> <span class='ocrx_word' id='word_1_253' title='bbox 971 3673 1079 3736; x_wconf 85' lang='grc'>6-12</span> 
     </span>
     <span class='ocr_line' id='line_1_33' title="bbox 718 3780 844 3860; baseline 0.008 -19"><span class='ocrx_word' id='word_1_254' title='bbox 718 3782 756 3841; x_wconf 83' lang='grc'>17</span> <span class='ocrx_word' id='word_1_255' title='bbox 783 3780 800 3860; x_wconf 61' lang='grc' dir='ltr'>ξ</span> <span class='ocrx_word' id='word_1_256' title='bbox 826 3782 844 3842; x_wconf 91' lang='grc'>3</span> 
     </span>
     <span class='ocr_line' id='line_1_34' title="bbox 718 3888 921 3968; baseline 0.005 -20"><span class='ocrx_word' id='word_1_257' title='bbox 718 3890 757 3948; x_wconf 81' lang='grc'>17</span> <span class='ocrx_word' id='word_1_258' title='bbox 783 3888 823 3968; x_wconf 57' lang='grc' dir='ltr'>ἐξ</span> <span class='ocrx_word' id='word_1_259' title='bbox 850 3889 877 3968; x_wconf 91' lang='lat'>1,</span> <span class='ocrx_word' id='word_1_260' title='bbox 902 3890 921 3949; x_wconf 84' lang='lat'>2</span> 
     </span>
     <span class='ocr_line' id='line_1_35' title="bbox 719 3995 979 4075; baseline -0.004 -18"><span class='ocrx_word' id='word_1_261' title='bbox 719 3997 758 4057; x_wconf 90' lang='grc'>16</span> <span class='ocrx_word' id='word_1_262' title='bbox 784 3995 822 4075; x_wconf 56' lang='grc' dir='ltr'>ἐξ</span> <span class='ocrx_word' id='word_1_263' title='bbox 850 3997 979 4058; x_wconf 84' lang='lat'>13—15</span> 
     </span>
     <span class='ocr_line' id='line_1_36' title="bbox 334 4135 1417 4204; baseline 0 -16"><span class='ocrx_word' id='word_1_264' title='bbox 334 4136 361 4204; x_wconf 76' lang='lat'>1)</span> <span class='ocrx_word' id='word_1_265' title='bbox 380 4136 418 4189; x_wconf 89' lang='lat' dir='ltr'>sic</span> <span class='ocrx_word' id='word_1_266' title='bbox 438 4135 527 4189; x_wconf 87' lang='lat' dir='ltr'>verbis</span> <span class='ocrx_word' id='word_1_267' title='bbox 546 4135 599 4188; x_wconf 87' lang='lat' dir='ltr'>illis</span> <span class='ocrx_word' id='word_1_268' title='bbox 619 4137 813 4204; x_wconf 88' lang='lat' dir='ltr'>quodammodo</span> <span class='ocrx_word' id='word_1_269' title='bbox 831 4137 990 4190; x_wconf 87' lang='lat' dir='ltr'>Mommseni</span> <span class='ocrx_word' id='word_1_270' title='bbox 1010 4153 1050 4204; x_wconf 89' lang='lat' dir='ltr'>ep.</span> <span class='ocrx_word' id='word_1_271' title='bbox 1070 4138 1103 4190; x_wconf 86' lang='lat' dir='ltr'>ad</span> <span class='ocrx_word' id='word_1_272' title='bbox 1123 4136 1243 4190; x_wconf 74' lang='grc'>11111.</span> <span class='ocrx_word' id='word_1_273' title='bbox 1265 4135 1298 4187; x_wconf 90' lang='grc'>16</span> <span class='ocrx_word' id='word_1_274' title='bbox 1317 4135 1417 4188; x_wconf 85' lang='lat' dir='ltr'>consti-</span> 
     </span>
    </p>
   </div>
   <div class='ocr_carea' id='block_1_7' title="bbox 244 4224 1417 4390">
    <p class='ocr_par' dir='ltr' id='par_1_13' title="bbox 244 4224 1417 4390">
     <span class='ocr_line' id='line_1_37' title="bbox 244 4224 1417 4301; baseline 0.003 -25"><span class='ocrx_word' id='word_1_275' title='bbox 244 4224 312 4277; x_wconf 84' lang='lat' dir='ltr'>tutio</span> <span class='ocrx_word' id='word_1_276' title='bbox 331 4225 525 4293; x_wconf 86' lang='lat' dir='ltr'>comprobatur.</span> <span class='ocrx_word' id='word_1_277' title='bbox 647 4225 672 4294; x_wconf 79' lang='lat'>2)</span> <span class='ocrx_word' id='word_1_278' title='bbox 693 4225 819 4278; x_wconf 84' lang='lat' dir='ltr'>Zeitsohr.</span> <span class='ocrx_word' id='word_1_279' title='bbox 838 4226 855 4278; x_wconf 84' lang='grc'>1.</span> <span class='ocrx_word' id='word_1_280' title='bbox 874 4226 1197 4284; x_wconf 85' lang='lat' dir='ltr'>Alterthumswissenscb.</span> <span class='ocrx_word' id='word_1_281' title='bbox 1218 4225 1295 4298; x_wconf 83' lang='grc'>1845,</span> <span class='ocrx_word' id='word_1_282' title='bbox 1315 4240 1355 4283; x_wconf 87' lang='lat' dir='ltr'>nr.</span> <span class='ocrx_word' id='word_1_283' title='bbox 1372 4225 1417 4301; x_wconf 85' lang='grc'>98,</span> 
     </span>
     <span class='ocr_line' id='line_1_38' title="bbox 244 4313 776 4390; baseline -0.004 -23"><span class='ocrx_word' id='word_1_284' title='bbox 244 4331 269 4388; x_wconf 87' lang='lat' dir='ltr'>p.</span> <span class='ocrx_word' id='word_1_285' title='bbox 292 4313 343 4368; x_wconf 81' lang='lat'>780</span> <span class='ocrx_word' id='word_1_286' title='bbox 357 4331 411 4390; x_wconf 84' lang='lat' dir='ltr'>sq.;</span> <span class='ocrx_word' id='word_1_287' title='bbox 431 4315 464 4373; x_wconf 87' lang='lat' dir='ltr'>of.</span> <span class='ocrx_word' id='word_1_288' title='bbox 481 4331 562 4386; x_wconf 90' lang='lat' dir='ltr'>supra</span> <span class='ocrx_word' id='word_1_289' title='bbox 577 4332 602 4390; x_wconf 89' lang='lat' dir='ltr'>p.</span> <span class='ocrx_word' id='word_1_290' title='bbox 620 4315 653 4370; x_wconf 76' lang='lat'>17</span> <span class='ocrx_word' id='word_1_291' title='bbox 672 4315 732 4374; x_wconf 83' lang='lat' dir='ltr'>adn,</span> <span class='ocrx_word' id='word_1_292' title='bbox 752 4315 776 4376; x_wconf 89' lang='grc'>3,</span> 
     </span>
    </p>
   </div>
   <div class='ocr_carea' id='block_1_8' title="bbox 0 0 1613 5074">
    <p class='ocr_par' dir='ltr' id='par_1_14' title="bbox 0 0 1613 5074">
     <span class='ocr_line' id='line_1_39' title="bbox 0 0 1613 5074; baseline 0 0"><span class='ocrx_word' id='word_1_293' title='bbox 0 0 1613 5074; x_wconf 95' lang='lat' dir='ltr'> </span> 
     </span>
    </p>
   </div>
  </div>
 </body>
</html>
