3214 5074
653 315 862 378 ,,4Ῑ..

134 576 136 581 Δ
169 511 281 556 mense
322 493 420 576 igitur
460 492 542 557 Maio
580 500 617 556 ut
654 493 782 556 videtur
817 497 970 574 exeunte,
1009 497 1180 576 antequam
1219 477 1342 556 Tullius

168 599 306 664 Romam
328 600 452 664 rediret

375 761 436 842 Ep.
461 761 516 826 ad.
542 761 604 851 Qu.
630 760 677 826 fr.
702 762 754 827 ΙΙ.
778 760 819 827 13
843 765 897 840 (τ.
916 761 956 825 ΙΙ.
984 764 1043 824 lira
1068 759 1138 841 01.)

170 885 435 950 Schuetzius:
467 906 523 949 scr.
542 886 661 950 Rornae
684 906 793 950 mense
816 887 886 949 Iun.
907 908 933 950 a.
953 861 1027 950 uso.
1053 889 1125 950 609.

170 993 349 1057 Gruber:
373 999 445 1077 post
467 993 547 1057 Nou.
572 993 642 1058 Iun.

169 1101 358 1185 Suepfle:
384 1121 441 1164 scr.
465 1101 585 1164 Romae
608 1107 679 1185 post
701 1101 782 1164 Non.
802 1102 872 1164 Iun.
892 1123 917 1164 a.
938 1122 969 1164 u.
989 1121 1014 1165 c.
1037 1103 1108 1165 700.

169 1207 246 1272 Fre
254 1229 290 1289 y:
316 1209 372 1271 der
395 1208 485 1272 Brief
503 1210 545 1272 ist
568 1210 611 1272 im
634 1209 716 1272 111111
740 1229 797 1272 aus
820 1209 900 1271 Rom
924 1208 1138 1292 geschrieben.

169 1315 306 1378 Hoffa:

170 1423 329 1486 Baiter·
387 1390 443 1433 sor.
467 1368 586 1434 Romae
610 1391 718 1434 mense
741 1371 811 1434 Iun.
832 1392 857 1434 a.
879 1391 908 1433 u.
928 1390 952 1434 c.
976 1372 1047 1434 700.

170 1529 499 1614 Wesenbergius:
525 1552 583 1595 scr.
603 1533 722 1596 Romae
745 1533 877 1596 ineunte
900 1550 1009 1595 mense
1033 1531 1103 1594 Iun.
1129 1553 1154 1594 a.
1175 1552 1204 1594 u.
1225 1551 1249 1594 c.
1272 1533 1343 1596 100.

260 1639 312 1701 Ad
332 1644 455 1722 tempus
475 1641 629 1722 epistulae
653 1642 847 1724 conscriptae
870 1640 1131 1723 investigandum
1152 1658 1235 1722 quae
1253 1640 1344 1701 initio

171 1745 323 1826 leguntur
341 1766 418 1809 sane
436 1748 556 1810 incerta
575 1767 643 1810 esse
666 1749 746 1810 nihil
765 1747 875 1811 refert:
901 1741 1089 1831 „postridie‘
1108 1747 1237 1829 quidem
1261 1751 1344 1809 certe

172 1872 236 1915 non
260 1855 321 1916 nisi
355 1854 452 1935 diem,
483 1875 546 1937 quo
569 1855 694 1918 Tullius
720 1857 833 1918 alteras
865 1855 985 1918 litteras
1010 1856 1143 1938 accepit,
1167 1853 1345 1936 significare

172 1963 312 2042 potcst,¹)
341 1981 420 2042 non,
450 1968 485 2024 ut
515 1962 648 2043 Gruber,
678 1962 926 2045 Wesenbergius
957 1963 1142 2042 voluerunt,
1169 1980 1232 2044 quo
1257 1961 1344 2024 dedit

175 2065 327 2146 Quintum
353 2089 416 2150 quo
441 2071 524 2132 enirn
544 2070 595 2132 die
613 2071 734 2154 priores
756 2071 878 2132 litterae
902 2071 1036 2154 scriptae
1055 2075 1161 2132 essent
1183 2089 1255 2132 curn
1278 2088 1343 2132 non

177 2180 255 2236 esset
283 2181 577 2257 commemoratum,
610 2182 681 2259 apte
705 2197 768 2239 non
797 2181 921 2260 poterat
948 2176 1023 2239 addi
1052 2177 1165 2239 alteras
1193 2176 1344 2260 postridie

180 2299 244 2344 esse
278 2283 371 2346 datas.
410 2284 530 2366 accepit
563 2284 662 2366 igitur
695 2282 803 2346 Cicero
836 2284 967 2346 alteram
997 2285 1165 2366 epistulam
1184 2305 1209 2346 a.
1238 2283 1266 2346 d.
1286 2283 1343 2346 111.

171 2387 258 2450 Non.
281 2389 362 2471 Iun,
387 2390 489 2453 datam
515 2391 647 2453 fortasse
666 2389 784 2471 Laude,
793 2393 814 2470 2)
839 2392 935 2470 111113)
962 2411 1036 2453 cum
1057 2390 1199 2454 Caesaris
1224 2391 1344 2454 litteris

181 2515 369 2579 quamquam
394 2498 522 2579 quando
545 2498 622 2560 haec
646 2499 761 2580 scripta
785 2499 825 2560 sit
848 2498 996 2582 epistula,
1025 2503 1170 2560 accurate
1193 2498 1347 2580 explicari

178 2603 301 2667 videtur
319 2624 382 2667 non
403 2624 509 2688 posse,
533 2625 605 2667 cum
627 2605 705 2667 nihil
725 2606 813 2686 insit,
833 2625 896 2687 quo
916 2606 966 2667 usi
986 2605 1108 2687 aliquid
1127 2605 1344 2688 proficiamus:

176 2716 277 2774 tamen
289 2711 481 2793 Ciceronem,
501 2733 574 2775 cum
594 2713 634 2775 ad
654 2713 804 2796 epistulas
824 2733 849 2774 a.
865 2713 893 2774 d.
909 2712 982 2775 1111.
998 2717 1030 2775 11
1043 2712 1100 2775 111.
1112 2712 1192 2777 Non.
1204 2718 1346 2796 acceptas

172 2819 357 2882 rescriberet
385 2839 490 2902 neque
521 2821 695 2903 quicquam
723 2820 762 2884 de
792 2821 908 2884 maiore
936 2821 1086 2904 temporis
1118 2822 1219 2905 spatio
1249 2822 1346 2883 inter-

171 2929 273 3010 posito
304 2926 446 3009 adderet,
477 2928 548 2990 circ.
574 2926 604 2990 N
606 2948 654 2990 on.
682 2929 732 2990 vel
759 2929 854 3012 paulo
885 2934 956 3012 post
985 2929 1041 2991 has
1071 2929 1191 2992 litteras
1221 2927 1346 2992 dedisse

172 3041 290 3119 putem.

262 3140 415 3224 Quintus,
439 3147 475 3206 ut
499 3143 653 3224 diximus,
676 3145 807 3206 ineunte
831 3164 939 3207 mense
958 3143 1041 3206 Maio
1066 3143 1105 3208 ad
1125 3143 1289 3207 Caesarem
1313 3161 1347 3206 se

172 3250 362 3327 contulerat3
392 3251 560 3334 epistulam
588 3252 734 3314 Arimino
762 3252 857 3334 paulo
882 3257 953 3314 ante
977 3251 1054 3314 Idus
1078 3251 1178 3314 Maias
1202 3250 1345 3326 dederat3

173 3377 253 3440 quas
270 3357 394 3420 Tullius
414 3357 575 3421 Placentia
594 3357 682 3421 datas
706 3379 731 3422 a.
748 3359 775 3420 d.
793 3358 867 3422 llll.
884 3359 965 3421 Non.
985 3361 1105 3444 accepit
1126 3360 1258 3439 litteras,
1281 3358 1347 3421 fere
1405 3441 1407 3446 Ι

171 3485 199 3526 a.
217 3462 327 3528 d.VII.
346 3463 417 3527 Kal.
432 3465 502 3527 Iun.
515 3469 612 3550 erant
635 3467 783 3549 scriptae:
810 3471 1001 3550 quapropter
1024 3468 1091 3529 sive
1114 3467 1253 3529 Arimini
1278 3467 1346 3529 sive
1414 3497 1417 3506 v

171 3569 354 3634 Placentiae
378 3573 445 3635 sive
468 3574 538 3635 loco
564 3573 702 3655 quodam
728 3572 892 3636 interiecto
921 3574 1012 3636 illum
1040 3574 1169 3656 longius
1197 3575 1347 3657 temporis

138 3759 141 3764 ,
172 3680 312 3762 spatium
340 3685 570 3743 commoratum
601 3701 669 3744 esse
700 3685 836 3766 apparet.
871 3682 998 3763 quando
1028 3687 1134 3744 autern
1163 3687 1194 3744 et
1222 3681 1279 3744 ubi
1306 3681 1347 3743 ad

173 3785 339 3850 Caesarem
369 3791 560 3871 pervenerit,
593 3790 764 3868 incertnm3
799 3789 986 3852 crediderim
1019 3794 1126 3851 tamen
1158 3789 1347 3869 Placentiae,

264 4020 289 4086 1)
309 4020 342 4074 cf.
361 4019 458 4090 Bergk.
477 4020 495 4074 1.
514 4020 531 4074 l.
552 4039 577 4089 p.
596 4021 649 4074 615
668 4021 728 4075 adn.
749 4021 772 4073 1.

263 4109 289 4177 2)
309 4125 323 4161 e
343 4109 442 4178 Sigonii
461 4110 627 4178 coniectura,
653 4127 734 4178 quarn
754 4110 824 4178 quod
843 4109 975 4179 Bergkius
999 4111 1016 4162 l.
1037 4110 1055 4164 l.
1073 4111 1133 4164 ideo
1159 4110 1248 4163 minus
1273 4110 1347 4164 ducit

172 4198 348 4266 probabilem,
369 4200 440 4268 quod
453 4199 592 4254 Caesarem
606 4201 658 4254 iam
672 4200 764 4252 Laude
776 4200 827 4253 iter
839 4200 991 4253 Placentiae
1004 4203 1158 4268 susceptum
1172 4199 1347 4267 interrupisse

172 4288 263 4342 minus
283 4289 409 4343 credibile
428 4290 474 4356 sit,
499 4290 561 4343 inde
580 4307 631 4345 non
651 4289 780 4358 sequitur,
806 4292 836 4342 ut
855 4289 928 4343 illinc
948 4307 999 4343 non
1019 4291 1135 4359 potnerit
1152 4290 1256 4344 litteras
1275 4291 1346 4349 dare.

262 4378 289 4448 3)
309 4395 343 4430 an
361 4378 389 4431 id
408 4379 497 4447 ipsum
517 4380 566 4432 sub
586 4379 682 4434 litteris
702 4377 822 4432 obscuris
841 4377 994 4436 delitescit?
