3214 5074
729 323 938 398 -ffia

246 499 401 575 Baiter:
431 531 489 575 scr.
509 511 541 574 in
566 511 688 574 Antiati
712 509 751 575 V.
775 511 821 576 Id.
846 513 921 594 Apr.
946 533 972 574 a.
994 532 1023 574 u.
1044 533 1068 574 c.
1090 513 1162 586 698.

247 617 554 701 Wesenbergius:
587 639 645 681 scr.
663 620 698 680 in
721 619 842 682 Antiati
867 618 918 701 (V.
943 618 988 682 Id.
1009 619 1119 702 Apri)
1144 639 1169 682 a.
1193 640 1220 682 u.
1240 641 1265 681 c.
1286 621 1360 684 698.

335 725 403 789 Has
427 727 577 810 epistulas
600 726 710 820 eodem
733 726 799 789 fere
822 731 961 810 tempore
979 728 1068 789 Antii
1092 728 1222 810 scriptas
1247 746 1315 791 esse
1338 733 1423 810 post-

248 853 343 916 quam
362 854 387 898 a.
399 832 489 897 dVI.
499 833 545 898 Id.
557 835 631 917 Apr.
643 831 750 896 Cicero
765 831 897 897 Romam
916 834 1103 916 reliquisset,
1120 833 1277 915 Boetius¹)
1291 834 1418 897 demum

246 942 382 1024 negavit,
406 961 479 1004 cum
503 942 684 1004 certissimis
708 943 901 1024 argumentis
925 941 1061 1004 obtinuit
1085 961 1148 1025 „ep
1174 944 1194 1004 b
1217 943 1300 1004 intra
1322 943 1418 1004 unius

249 1047 311 1110 diei
335 1049 470 1130 spatium
493 1053 564 1130 post
587 1049 779 1130 superiorem
804 1048 869 1110 dari
894 1067 957 1109 non
981 1050 1136 1130 petiisse,
1162 1050 1278 1111 etenim
1302 1049 1418 1131 epistu-

246 1155 309 1217 lam
332 1154 391 1236 41),
423 1162 459 1217 ut
481 1155 571 1216 Antii
601 1155 672 1217 data
700 1162 781 1218 esset
810 1176 835 1218 a.
860 1153 888 1218 d.
913 1154 968 1218 Vl.
993 1154 1038 1218 ld.
1062 1156 1152 1238 Apr.,
1175 1157 1194 1220 i.
1220 1175 1244 1219 e.
1273 1157 1340 1238 ipso
1364 1154 1418 1218 illo

246 1261 304 1342 die,
329 1281 392 1344 que
416 1260 524 1325 Cicero
544 1261 644 1324 Roma
669 1261 929 1345 proficisceretur,
952 1267 1035 1325 certe
1058 1282 1121 1325 non
1144 1264 1285 1345 potuisse
1309 1263 1419 1325 eodem

247 1367 297 1431 die
315 1370 420 1432 Attico
439 1369 536 1432 tradi:
563 1369 663 1432 multo
681 1371 785 1432 minus
804 1390 830 1434 a.
842 1369 870 1431 d.
879 1369 917 1434 V.
928 1369 974 1433 Id.
985 1371 1061 1452 Apr.
1071 1369 1215 1433 librarios
1233 1369 1305 1431 illos
1320 1368 1421 1431 Roma

245 1473 399 1559 proficisci
423 1481 454 1538 et
476 1475 697 1540 bibliothecam
720 1495 873 1542 exornare
895 1477 1061 1559 potuisse
1085 1477 1162 1542 mihi
1185 1495 1260 1539 vero
1279 1477 1306 1538 is
1331 1495 1421 1539 scru—

246 1582 342 1664 pulus
361 1583 497 1646 iniectus
521 1588 580 1664 est,
604 1603 680 1646 num
706 1586 834 1646 omnino
853 1583 916 1646 illis
937 1583 1048 1647 diebus
1069 1582 1177 1648 Cicero
1193 1584 1286 1646 'Antii
1309 1583 1418 1647 fuerit:

247 1695 294 1752 est
326 1691 410 1752 enim
443 1695 697 1772 consentaneum,
730 1693 756 1754 si
782 1689 883 1754 Roma
908 1692 1041 1754 Antium
1073 1691 1231 1775 profectus
1264 1697 1354 1771 esset,
1386 1690 1420 1753 id

245 1797 335 1860 fratri
358 1817 431 1860 eum
455 1799 646 1880 scriptrnum
669 1798 808 1880 fuisse,²)
836 1800 886 1862 vel
909 1806 1026 1881 postea,
1056 1819 1129 1862 cum
1158 1800 1419 1882 inAnagninum

246 1906 313 1986 iret,
337 1923 370 1967 se
388 1905 479 1967 Antii
502 1905 607 1968 fuisse.
632 1912 792 1988 praeterea
814 1907 920 1969 nescio
945 1927 985 1969 an
1008 1926 1072 1969 non
1095 1907 1122 1969 si
1146 1907 1242 1972 Antio
1262 1907 1418 1988 Arpinum

245 2012 437 2094 tetendisset,
469 2013 529 2075 iter
555 2013 589 2074 in
612 2013 820 2096 Anagninum
853 2013 1017 2078 direxerit:
1053 2019 1161 2077 contra
1184 2012 1283 2076 Roma
1314 2019 1344 2075 et
1376 2031 1415 2074 ex

243 2118 421 2182 Tusculano
440 2119 517 2182 illuc
534 2120 594 2182 fuit
612 2121 665 2183 via
683 2126 775 2201 recta,
794 2127 830 2183 ut
849 2139 917 2203 eg.
934 2140 975 2184 ex
994 2141 1040 2204 ep.
1061 2121 1100 2183 ad
1116 2122 1179 2183 Att.
1195 2119 1269 2184 XII.
1288 2123 1303 2181 1
1322 2138 1415 2202 appa—

244 2227 327 2307 reti)
347 2227 402 2296 sed
416 2228 493 2290 baec
508 2228 635 2290 levioris
652 2229 810 2309 momenti,
829 2229 975 2311 graviora
990 2229 1081 2290 baec:
1102 2233 1275 2292 statuamus
1288 2244 1416 2288 necesse

244 2339 291 2396 cst
313 2333 385 2397 ilico
409 2334 608 2417 respondisse
626 2335 769 2397 Atticum
792 2354 826 2398 se
850 2354 923 2397 cum
949 2335 1031 2398 Pilia
1055 2335 1189 2397 Antium
1216 2341 1284 2400 tum
1307 2334 1416 2396 venire

244 2442 328 2504 nolle
356 2446 411 2504 aut
433 2443 574 2523 nequire,
607 2446 702 2524 atque
735 2442 839 2504 statim
868 2441 1044 2504 decrevisse
1068 2439 1252 2504 Ciceronem
1274 2442 1309 2504 in
1332 2441 1418 2502 Ana-

244 2550 377 2631 gninum
400 2547 563 2631 proficisci.
588 2549 650 2612 huc
674 2550 803 2630 accedit,
828 2549 913 2633 quod
938 2549 977 2612 de
995 2548 1097 2612 Tullia
1119 2550 1153 2611 in
1177 2568 1222 2632 ep.
1243 2548 1282 2611 ad
1302 2546 1360 2623 Qu.
1382 2547 1418 2611 fr.

246 2655 317 2718 data
340 2675 380 2718 ne
403 2655 537 2720 verbum
561 2657 690 2739 quidem
712 2640 799 2720 facit:
826 2677 958 2739 eamque
981 2663 1101 2741 patrem
1119 2656 1213 2740 paulo
1232 2663 1304 2718 ante
1323 2674 1417 2737 spon-

245 2761 365 2826 salibus
395 2761 573 2846 Crassipedi
604 2764 755 2846 praebitis
786 2763 887 2826 Roma
920 2765 1099 2844 deduxisse,
1131 2768 1167 2825 nt
1199 2762 1297 2824 solam
1327 2763 1418 2824 Antii

244 2870 439 2952 relinqueret
462 2871 533 2952 quis
557 2869 748 2961 crediderit?
777 2870 854 2932 nribi
880 2871 1008 2952 quidem
1032 2889 1225 2954 persuasum
1248 2875 1310 2932 est:
1340 2869 1366 2931 si
1391 2889 1417 2932 a.

246 2977 274 3040 d.
293 2976 359 3059 Vr,
382 2976 420 3041 V.
442 2976 488 3039 Id.
509 2978 585 3060 Apr.
618 2978 708 3040 Antii
726 2977 838 3041 fuisset
856 2983 951 3062 atque
969 2980 1058 3042 illinc
1078 2978 1215 3043 dedisset
1233 2997 1278 3060 ep.
1299 2976 1338 3042 ad
1358 2974 1417 3051 Qu.

244 3085 279 3148 fr.
299 3084 340 3147 Π.
367 3083 491 3168 7101),
515 3085 694 3168 scripsisset
713 3084 836 3148 Cicero:
863 3105 948 3149 eram
971 3089 1006 3148 in
1028 3087 1140 3150 itinere
1158 3086 1255 3148 Antio
1278 3085 1312 3146 in
1331 3084 1417 3148 Ana-

243 3193 377 3275 gninum
400 3211 474 3254 cum
496 3191 598 3254 'Itrllia
621 3192 685 3255 vel:
719 3191 821 3255 Tullia
844 3193 933 3255 Antii
960 3193 1069 3257 relicta
1100 3194 1168 3256 sive
1190 3191 1323 3255 Romam
1346 3210 1418 3276 pro-

243 3298 332 3362 fecta.
363 3299 418 3362 sed
448 3304 521 3362 utut
544 3304 590 3362 est
613 3318 678 3381 res,
709 3300 768 3362 hoc
799 3305 921 3362 certum
943 3300 1072 3363 videtur
1100 3300 1250 3384 epistulas
1273 3298 1313 3361 ad
1339 3298 1417 3365 Atti-

245 3425 318 3469 cum
341 3405 413 3468 libri
438 3408 550 3488 quarti,
575 3426 656 3488 quae
678 3426 765 3469 nunc
788 3406 837 3470 41)
862 3411 893 3470 et
914 3410 934 3469 b
958 3412 1116 3489 notantur,
1139 3426 1204 3469 non
1229 3425 1296 3469 esse
1320 3406 1416 3489 scrip-

242 3519 290 3576 tas
313 3534 338 3576 a.
359 3514 388 3578 d.
407 3512 463 3575 VI.
486 3519 516 3578 et
531 3512 570 3575 V.
585 3512 632 3578 Id.
648 3515 733 3597 Apr.,
757 3519 793 3577 ut
814 3519 937 3598 praeter
960 3520 1079 3578 ceteros
1101 3513 1210 3578 Baiter
1234 3519 1264 3576 et
1284 3512 1415 3576 Wesen-

243 3620 371 3704 bergius
404 3621 590 3704 opinantur3
630 3641 766 3703 quorum
799 3624 985 3684 sententiam
1017 3640 1219 3705 nequaquam
1252 3620 1415 3701 intellego:

244 3727 388 3790 scribunt
411 3747 457 3810 ep.
477 3728 517 3791 ad
541 3725 600 3802 Qn.
619 3728 654 3792 fr.
674 3727 715 3791 H.
737 3733 755 3792 7
775 3726 854 3812 (Or.)
874 3728 979 3790 datam
1003 3747 1070 3790 esse
1094 3747 1119 3789 a.
1140 3726 1168 3791 d.
1189 3725 1244 3791 VI.
1263 3726 1320 3808 Id,
1344 3745 1415 3789 curn
1514 3787 1518 3796 ,

244 3834 352 3899 Cicero
372 3837 406 3898 in
429 3836 541 3899 itinere
564 3841 646 3899 esset
664 3837 788 3918 (nempe
807 3834 917 3917 Roma,
941 3853 1014 3898 cum
1033 3855 1058 3897 a.
1072 3832 1184 3898 uvss.
1200 3833 1245 3896 Id.
1263 3830 1418 3907 Quintum
1473 3887 1474 3892 ,

244 3948 274 4006 et
292 3942 480 4025 Pompeium
499 3945 700 4024 conveniret),
720 3942 894 4025 eodemque
914 3941 965 4004 die
984 3961 1030 4024 ep.
1042 3941 1162 4004 adAtt.
1177 3940 1233 4004 IV.
1253 3939 1295 4003 rb
1311 3941 1417 4018 Antii3

243 4071 269 4113 a.
294 4050 322 4112 d.
346 4048 385 4112 V.
409 4049 456 4114 Id.
481 4050 548 4131 (ubi
572 4049 680 4115 Cicero
712 4052 746 4113 in
769 4049 892 4112 Laterio
925 4049 985 4111 fuit
1015 4049 1092 4111 viris
1124 4049 1188 4111 illis
1221 4046 1418 4128 auctoribus)

335 4210 360 4280 1)
380 4209 393 4262 Ι
412 4227 436 4277 p.
458 4209 518 4276 175,
538 4209 571 4263 cf.
591 4225 659 4277 quae
678 4209 747 4262 inira
765 4210 800 4277 (p.
816 4209 849 4261 17
868 4210 919 4276 sq.)
938 4206 1059 4276 exposita
1077 4209 1148 4260 sunt.

332 4298 359 4368 2)
379 4298 407 4350 in
426 4314 466 4367 ep.
487 4298 519 4352 ad
540 4297 589 4363 Qu.
610 4298 641 4351 fr.
661 4298 696 4351 Π.
717 4299 733 4352 6
752 4301 778 4351 et
798 4299 813 4350 7
834 4296 910 4367 (Or).

332 4388 359 4456 3)
379 4388 411 4440 el.
432 4404 472 4455 ep.
493 4387 526 4440 ad
545 4389 599 4441 Aa.
620 4387 654 4441 V.
674 4387 698 4439 1.
