3214 5074
731 273 943 336 ..ῃ-

250 455 462 533 retinuerunt,
487 452 570 514 diem
595 471 659 514 non
679 451 754 514 item
773 456 809 514 ut
828 455 934 534 aperta
956 450 1086 514 falsum:
1112 451 1186 512 illi'
1179 450 1236 532 rgit
1238 459 1277 511 ur
1296 453 1421 512 sumant

250 579 378 623 neeesse
402 565 450 622 est
479 558 663 622 Ciceronem
695 559 838 622 instituto
868 559 991 623 itineris
1022 558 1132 622 ordine
1163 557 1284 620 abieoto
1309 558 1424 618 iterum

250 668 385 731 Antium
404 687 438 730 se
457 667 644 730 contulisse:
666 685 750 728 mera
770 666 892 728 eonieot
895 686 952 729 ura
970 685 1084 748 neque,
1104 664 1188 747 quod
1205 663 1339 733 videam
1361 663 1423 725 ulla

249 774 471 858 reprobabili.
502 794 607 857 neque
637 780 742 836 tamen
773 779 833 855 est,
864 774 949 856 quod
980 773 1126 854 Booti01)
1151 771 1362 852 obloquamur
1385 770 1424 832 de
1478 763 1480 768 ’

249 883 354 945 medio
387 901 496 945 mense
529 881 613 944 Alaio
646 892 736 966 (oum
770 881 952 962 Sohuetzio)
986 880 1152 962 cogitanti,
1188 899 1251 961 quo
1285 883 1424 960 tempore

251 987 435 1052 Ciceronem
458 989 550 1051 Antii
577 988 676 1051 fuisse
700 988 819 1051 seimus
843 1008 882 1050 ex
908 1008 953 1071 ep.
977 986 1016 1050 ad
1041 969 1100 1061 Qu.
1118 986 1155 1050 fr.
1174 984 1215 1049 ΙΙ.
1235 988 1271 1048 6:
1296 990 1364 1046 tum
1388 1003 1424 1046 ea
1490 1025 1492 1028 ψ

250 1096 387 1178 epistula
410 1115 454 1158 ra.
474 1094 519 1159 ld.
539 1094 640 1158 Maias
664 1095 780 1176 scripta
803 1095 860 1171 sit3
891 1114 1085 1177 quamquam
1115 1092 1220 1156 Bootii
1249 1092 1424 1154 sententiaa

251 1224 316 1266 non
339 1204 434 1266 nimis
458 1203 529 1266 ideo
553 1202 721 1282 confidam,
746 1202 832 1284 quod
857 1221 897 1264 ex
921 1202 990 1285 ipsa
1013 1201 1068 1264 illa
1092 1220 1138 1284 ap.
1163 1206 1303 1284 apparet,
1328 1220 1422 1282 quam

250 1311 341 1374 facile
365 1332 402 1374 ac
426 1331 523 1394 quam
546 1330 639 1394 saepe
661 1309 784 1373 Tullius
808 1309 943 1372 Antium
971 1310 1124 1372 reviserit.
1153 1309 1325 1372 verisimile
1349 1328 1424 1370 sane

250 1427 298 1483 est
325 1439 399 1482 eum
432 1419 651 1502 prinruma
603 1422 665 1480 stat
667 1418 723 1495 im
757 1438 830 1482 eum
855 1418 930 1478 Ant'
910 1423 990 1479 trum
1023 1423 1093 1500 post
1081 1416 1224 1479 tlibros
1256 1416 1424 1498 dispositos

251 1525 528 1607 venissettttAttroo
546 1525 628 1587 hano
647 1525 771 1587 misisse
790 1525 915 1608 epistol
916 1545 959 1586 nn
978 1525 1099 1607 (nranse
1120 1524 1204 1606 Apr.
1223 1523 1424 1599 utvidimus

251 1635 438 1696 etineunte
407 1632 545 1696 tAlaio
569 1633 658 1694 Ant''
625 1639 660 1694 tu
684 1632 782 1695 fuisse
806 1652 870 1694 non
895 1632 982 1695 videt
970 1631 1042 1714 t.ur)
1066 1638 1228 1715 praeterea
1252 1632 1358 1694 neseio
1383 1651 1423 1692 an

250 1740 331 1803 illud
355 1742 491 1821 „alsius‘
516 1745 547 1822 (ξ
572 1745 585 1803 1
607 1741 684 1821 nnn,
709 1741 794 1822 quod
819 1740 857 1803 de
883 1741 1004 1803 Antiati
1028 1740 1236 1823 praedicatur,
1261 1740 1361 1822 magis
1385 1738 1424 1801 ad

251 1868 390 1911 mensem
416 1847 537 1910 Alaium
562 1868 659 1931 quam
683 1848 758 1931 Apr.
784 1847 925 1930 quadret.

479 2061 543 2143 Ep.
572 2061 616 2126 ml
641 2062 704 2150 Qu.
730 2060 777 2125 t'r.
797 2061 849 2126 ΙΙ.
870 2063 892 2125 6
917 2059 978 2142 (:
996 2061 1036 2124 ll.
1058 2063 1077 2124 8
1098 2060 1171 2143 Or).

251 2203 516 2267 Schuetaius:
542 2222 600 2267 ser.
619 2202 738 2265 Romae
762 2209 900 2266 exeunte
924 2222 1032 2265 mense
1056 2203 1150 2266 Iunio
1175 2224 1200 2265 a.
1220 2223 1285 2267 uc.
1306 2206 1378 2266 697.

252 2311 425 2374 Gruber:
455 2316 526 2393 post
549 2309 594 2372 ld.
616 2309 723 2372 Alaias.

250 2419 390 2482 Hoffa:
416 2440 473 2483 sur.
494 2424 631 2482 exeunte
655 2439 763 2482 mense
787 2419 881 2482 lunio
906 2441 931 2481 a.
953 2441 982 2484 u.
1003 2441 1027 2484 u.
1049 2421 1121 2483 698.

252 2526 408 2590 Baiter:
1048 2583 1053 2594 .

253 2633 577 2716 Wesenbergius:
639 2601 697 2644 sor.
717 2581 837 2644 Romae
860 2602 968 2644 mensa
993 2581 1075 2644 Almo
1100 2603 1127 2645 a.
1149 2601 1178 2643 u.
1199 2601 1223 2643 c.
1244 2582 1316 2643 698.

340 2741 396 2824 up.
417 2748 464 2804 est
487 2743 603 2825 scripta
622 2742 754 2823 Romae,
779 2763 842 2825 quo
866 2763 943 2804 num
968 2747 1141 2823 antequam
1160 2742 1293 2804 Antium
1313 2743 1373 2804 iret
1391 2760 1424 2803 se

250 2848 420 2910 contulerit
439 2847 548 2910 Cicero
568 2849 661 2911 video
685 2850 830 2912 homines
854 2849 962 2911 doetos
986 2849 1068 2910 inter
1087 2867 1120 2911 se
1144 2868 1207 2910 non
1227 2849 1422 2911 consentire:

251 2955 376 3018 Gruber
399 2955 529 3037 quidem
552 2955 663 3018 scribit
686 2956 727 3038 (p.
753 2957 800 3038 6):
840 2976 930 3036 „cum
954 2955 1079 3034 urbem,
1105 2976 1201 3038 qrram
1225 2955 1305 3018 Non.
1332 2955 1424 3017 Maiis

250 3064 438 3144 intraverat,
466 3063 581 3125 iterum
610 3063 823 3145 reliquisset“;
855 3061 1094 3141 Drumannus'2)
1117 3063 1150 3124 id
1173 3063 1303 3146 negavit
1325 3063 1424 3125 fretus

222 3157 224 3162 ¹
252 3190 299 3253 ep.
323 3171 363 3232 ad
388 3169 453 3233 Att.
477 3168 532 3231 IV.
559 3172 610 3250 7³)
639 3170 673 3231 ni
696 3170 789 3232 fallor
812 3169 918 3232 verbis
947 3170 996 3232 his
1021 3171 1054 3252 (ξ
1081 3173 1131 3252 3):
1166 3190 1253 3250 „mea
1277 3170 1424 3232 mandata

253 3278 404 3340 dedomo
429 3276 569 3339 ornabis:
593 3277 750 3360 praesidia
774 3277 904 3358 locabis,
929 3277 1080 3341 Milonem
1105 3267 1316 3357 adrnonebis‘,
1341 3297 1424 3360 quae

225 3405 315 3476 ¹quo
340 3384 449 3447 ordine
474 3384 624 3466 leguntur
647 3403 712 3446 non
742 3390 878 3467 possunt
906 3386 1059 3467 explicari
1082 3387 1161 3448 nisi:
1193 3384 1347 3448 Milonem
1371 3385 1425 3448 ad-

251 3492 409 3572 monebis
433 3511 473 3554 ne
497 3512 555 3554 nos
580 3512 652 3554 oum
675 3512 770 3576 grege
794 3513 852 3555 suo
877 3498 985 3557 eontra
1008 3495 1145 3577 impetus
1165 3492 1266 3556 Clodii
1292 3494 1424 3557 definiat.

250 3618 354 3680 neque
375 3601 547 3682 quicquam
565 3601 599 3662 in
619 3601 677 3663 hae
701 3601 837 3684 epistula
856 3602 951 3682 inest,
971 3622 1034 3683 quo
1054 3622 1088 3666 se
1106 3600 1292 3664 Nonllaiis
1306 3601 1424 3664 Romae

251 3727 320 3769 esse
338 3707 423 3769 nolle
443 3707 551 3770 Cicero
571 3708 703 3771 indicet:
730 3715 886 3790 quantum
907 3709 999 3771 video
1019 3709 1099 3772 nihil
1119 3709 1231 3790 obstat,
1252 3711 1424 3792 quominus

251 3833 338 3895 eum,
368 3820 405 3877 ut
427 3815 516 3877 fratri
540 3816 720 3897 scripserat,
754 3836 798 3880 oa.
824 3835 869 3898 pr.
896 3815 978 3880 Non.
1003 3815 1103 3878 Alaias
1136 3815 1271 3878 Romam
1294 3817 1425 3879 rediisse

251 3921 443 3984 arbitremur
466 3941 503 3984 ao
525 3923 635 4005 paucis
660 3922 772 3986 diebus
796 3929 867 4005 post
890 3923 952 3986 isse
971 3923 1116 3986 Antium.
1142 3921 1240 3988 verba
1261 3924 1346 3988 enim
1369 3923 1423 3988 illa

340 4153 393 4218 1)
386 4170 413 4205 m
433 4153 506 4206 eut
525 4153 631 4222 p..175

341 4245 493 4403 {A}
390 4331 450 4386 eall.
471 4349 511 4406 ep
531 4333 565 4388 ad
584 4332 634 4401 Qu.
655 4333 733 4388 lr.l
