3214 5074
726 245 936 310 ...40-

246 423 381 504 litterae‚
409 429 446 488 ut
476 424 629 504 diximus,
659 425 749 490 datae
779 425 929 489 videntum
956 425 1119 488 nonnullis
1146 423 1276 507 quidem
1301 422 1435 488 diebus

247 535 319 594 ante
336 530 391 594 VI.
411 529 480 598 Kal.
498 531 568 595 Iun.
587 552 692 614 neque
715 539 818 596 tamen
844 534 1061 613 multis-cum
1085 531 1193 597 Cicero
1217 533 1251 594 in
1275 529 1435 594 Cumano

247 639 407 701 neminem
430 640 494 702 iam
523 639 590 703 fore
619 643 729 723 putare
758 641 912 721 rideatur,
935 641 988 704 cui
1011 641 1129 704 litteras
1153 640 1217 718 det,
1247 644 1435 720 antequam

247 743 379 807 Romam
403 747 512 809 redeat
530 749 560 827 (ξ
581 749 628 828 3),
654 754 762 811 coutm
784 755 854 832 post
874 747 982 822 Quinti
1006 748 1156 832 epistulas
1179 752 1322 831 acceptas
1343 765 1436 806 non-

248 852 328 914 nulli
352 852 420 915 dies
439 855 662 935 praeterierant
685 854 758 938 (iu).
779 856 920 938 eiigitur
941 855 1097 917 sumimus
1119 891 1159 898 —
1181 852 1279 936 quod,
1300 854 1436 936 opinor,

249 979 268 1020 a
289 959 422 1022 veritate
446 979 511 1023 non
534 962 578 1024 ita
600 963 737 1025 multum
760 961 860 1026 aberit
879 999 920 1008 -
941 960 1125 1024 Ciceronem
1148 961 1229 1024 hano
1252 961 1436 1045 epistulam

249 1067 412 1149 scripsisse
431 1067 497 1131 fere
516 1089 540 1130 a.
560 1068 587 1131 d.
599 1068 639 1131 X.
651 1067 801 1132 Kalluu.
817 1075 848 1132 et
867 1071 1033 1153 epistulam
1052 1069 1139 1132 illam
1150 1068 1295 1131 Arimino
1315 1067 1435 1130 dantem

249 1175 406 1256 accepisse
430 1176 501 1236 circ.
521 1196 547 1238 a.
568 1175 596 1237 d.
616 1175 705 1238 XIV.
725 1175 808 1257 Kal,
833 1175 971 1250 Quintus
993 1177 1058 1240 fere
1082 1197 1107 1238 a.
1127 1176 1156 1238 d.
1175 1174 1231 1238 IV.
1250 1175 1296 1238 Id.
1321 1174 1435 1236 Maias

250 1279 389 1343 Arimini
411 1281 485 1361 fuit,
509 1279 612 1344 Roma
634 1283 733 1365 igitur
755 1283 849 1366 paulo
874 1289 945 1346 ante
969 1282 998 1346 N
1001 1303 1049 1346 on.
1074 1284 1092 1346 i.
1113 1301 1137 1344 e.
1158 1283 1288 1345 ineunte
1312 1299 1435 1344 mense

250 1385 359 1466 Maio)
382 1388 541 1472 profectus
565 1396 624 1469 est,
649 1409 711 1472 quo
734 1390 799 1454 fere
823 1395 963 1474 tempore
985 1389 1110 1453 Tullius
1133 1391 1168 1452 in
1192 1387 1379 1451 Gauranum
1402 1393 1435 1450 et

250 1492 479 1578 Pompeianum
503 1515 536 1560 se
560 1496 730 1561 contulisse
753 1498 887 1561 videtur.
913 1497 976 1560 huo
1001 1497 1147 1579 quadrat,
1171 1496 1258 1578 quod
1282 1494 1433 1570 Quintus

145 1681 146 1684 Ἴ
250 1621 275 1664 a.
304 1602 331 1664 d.
358 1602 414 1666 VI.
438 1602 483 1666 ld.
509 1603 622 1684 Maias,
652 1625 724 1668 cum
748 1606 874 1668 Atticus
897 1604 998 1667 Roma
1021 1605 1161 1685 exirem)
1192 1603 1232 1666 ad
1256 1602 1433 1666 Caesarem
1511 1675 1516 1696 ,

250 1709 313 1772 iam
339 1716 405 1774 erat
427 1711 594 1795 profectus.
620 1731 701 1795 quae
725 1731 799 1776 cum
821 1715 865 1776 ita
889 1713 964 1793 sint,
988 1712 1065 1776 mihi
1089 1731 1154 1774 non
1178 1709 1330 1794 probatur
1356 1729 1432 1773 sen-

252 1819 348 1880 tentia
378 1837 500 1898 eorum,
531 1820 586 1901 qui
617 1817 716 1894 Quint
719 1840 771 1883 um
804 1839 912 1882 mense
945 1819 1057 1882 Martio
1090 1819 1129 1882 ad
1163 1818 1329 1882 Caesarem
1365 1819 1433 1880 isse

251 1931 308 2007 put
309 1931 376 2005 ent,
409 1925 632 1990 uAtbcken
617 1927 651 2008 ,3)
685 1927 818 2008 Gruher,
850 1927 967 2006 Froy.‘¹)
1001 1929 1115 2010 scripta
1148 1932 1195 1989 est
1224 1927 1305 2010 epist
1292 1925 1404 1988 tula
1395 1943 1432 1986 m

252 2030 394 2099 Cumano
417 2034 469 2096 vel
493 2033 686 2117 Pompeiano
711 2036 741 2115 (ἐ
768 2038 810 2115 1),
834 2036 919 2097 villis
948 2053 1045 2118 parvo
1069 2035 1104 2096 in
1106 2039 1153 2097 ter
1176 2054 1210 2096 se
1233 2033 1433 2096 distantibus

252 2139 427 2204 intervallo.

389 2284 393 2290 '
434 2299 498 2382 ιιι.
518 2300 562 2365 aa
585 2300 670 2368 am.
691 2288 777 2400 ιιι,
794 2301 832 2366 o:
857 2300 965 2365 cauo
989 2300 1018 2365 s.
1038 2300 1075 2364 o.
1094 2301 1246 2366 arenata.

252 2443 515 2528 Schuetzius:
546 2464 603 2508 scr.
623 2443 742 2508 Romae
766 2465 873 2508 mense
895 2444 1010 2507 Martio
1034 2465 1060 2506 a.
1080 2465 1111 2507 u.
1131 2463 1156 2506 c.
1181 2446 1253 2508 699.

254 2550 434 2614 Gruber:-
460 2552 531 2616 Mai.

254 2657 435 2741 Suepfle:
461 2679 518 2722 scr.
537 2659 656 2723 Romae
680 2679 788 2723 mense
812 2659 895 2722 Maio
920 2681 945 2722 a.
965 2680 996 2722 u.
1015 2679 1041 2724 o.
1063 2661 1135 2725 700.

253 2763 372 2844 Frey:
402 2765 458 2828 der
485 2766 577 2830 Brief
601 2768 642 2830 ist
669 2768 713 2828 im
740 2766 804 2830 Mai
835 2770 878 2829 54
905 2765 1125 2849 geschriebeu,
1160 2767 1207 2828 als
1237 2764 1356 2828 Caesar
1387 2765 1428 2826 im

435 2873 558 2956 Begriii'
573 2875 678 2955 stand,
697 2875 808 2936 seinen
826 2875 960 2936 zweiten
977 2873 1118 2956 Feldzug
1136 2873 1218 2936 nach
1236 2872 1428 2935 Britannien

375 3001 389 3045 η
436 2986 629 3045 annutreten.

254 3088 413 3152 Baiter:

221 3259 224 3266 ,
255 3195 586 3278 Wesenbergius:

344 3301 490 3386 Epistrrla
512 3305 627 3387 scripta
646 3309 693 3368 est
711 3305 873 3386 aliquanto
890 3309 962 3388 post
985 3323 1030 3387 ep.
1052 3303 1122 3366 VII.
1142 3307 1176 3384 ὃ,
1201 3303 1286 3385 quod
1305 3301 1428 3364 Balbus

254 3410 380 3472 interim
405 3409 445 3473 ad
464 3408 630 3474 Caesarem
651 3411 810 3494 profectus
838 3413 932 3494 eique
955 3411 1119 3474 Trebatius
1142 3412 1206 3472 iam
1229 3411 1371 3492 saepius,¹
1394 3409 1429 3469 ut

255 3518 390 3600 videtur,
420 3524 487 3582 erat
515 3519 769 3603 commendatus3
801 3519 873 3582 data
902 3524 961 3600 est,
991 3538 1055 3600 quo
1086 3522 1225 3601 tempore
1250 3516 1365 3580 Caesar
1388 3511 1427 3576 ad

257 3628 432 3691 exercitum
455 3628 654 3710 profecturus
674 3633 753 3709 erat,
777 3633 883 3690 tamen
902 3631 1072 3708 antequam
1092 3624 1201 3688 Cicero
1221 3627 1289 3688 eius
1308 3624 1427 3687 litteras

257 3736 435 3820 accepisset,
453 3736 571 3818 quibus
584 3737 701 3819 gratias
718 3741 832 3820 ageret,
848 3734 934 3817 quod
948 3729 1187 3803 Trebatiumad
1203 3751 1237 3795 se
1250 3727 1426 3806 misisset:⁵)

647 3163 703 3206 sor.
723 3141 842 3206 Romae
865 3163 974 3206 mense
997 3141 1080 3206 Maio
1105 3163 1130 3205 a.
1152 3164 1181 3206 ιι.
1202 3163 1226 3205 c.
1248 3143 1320 3205 700.

364 4038 681 4107 mmwmr

392 4129 530 4183 Ciceroin
549 4129 639 4182 seinen
657 4128 777 4197 Bucen
797 4128 920 4182 Hannov
940 4125 1018 4193 1835,
1038 4144 1062 4194 p.
1079 4126 1132 4180 160
1151 4126 1211 4179 adn
1225 4126 1250 4179 1

345 4221 364 4272 4
391 4219 490 4272 Einleit
480 4221 515 4288 tg.
532 4237 602 4287 p,
571 4219 601 4271 9
621 4219 644 4272 is
664 4218 714 4272 sibi
731 4235 784 4272 non
803 4218 868 4271 satis
889 4217 1064 4271 constansfur
1036 4217 1115 4284 ui.tp
1127 4216 1162 4268 64
1175 4216 1207 4268 ad
1221 4233 1261 4284 ep.
1272 4211 1390 4268 XVIIII

346 4219 420 4380 vof
393 4308 654 4380 olepadQufr
656 4308 823 4376 ..‚.11133

363 3949 539 4018 )Drumann.
553 3949 635 4017 le.
651 3949 713 4002 733·
708 3950 805 4018 ,quod
823 3947 913 4001 nescio
933 3963 967 4000 an
985 3947 1066 4000 totius
1086 3963 1126 4014 ep.
1141 3946 1229 4000 colore
1249 3938 1425 3998 confirmetur

363 4129 372 4197 )

1559 4204 1561 4279 l
