3214 5074
773 332 814 390 59
859 366 897 374 -

208 511 276 568 rate
300 507 452 589 explicari
478 527 544 569 non
573 513 689 591 potest,
720 527 791 570 cum
821 507 860 570 ab
884 507 939 570 illo
967 527 1017 570 res
1047 512 1184 569 exeunte
1207 526 1290 568 anno
1315 507 1379 568 700

207 614 308 676 iactae
338 620 401 677 tam
430 635 579 698 perverso
617 615 727 678 ordine
762 617 825 678 sint
854 615 999 694 traditae,
1032 619 1068 676 ut
1101 615 1272 697 quiequam
1302 613 1379 675 certi

207 721 351 803 indagari
375 723 432 783 vix
462 741 555 804 posse
578 723 729 786 rideatur.
765 729 872 786 narrat
896 721 1056 785 autemid
1082 721 1238 784 diluvium
1260 719 1378 784 factum

208 847 288 905 esse,
329 834 500 910 antequam
542 828 697 891 Gabinius
737 830 770 891 in
813 828 923 892 arbem
956 827 1114 908 rediisset,
1146 827 1379 909 Romanosque,

208 955 271 1016 qua
295 933 474 997 minoribus
498 955 516 997 a
540 935 589 997 dis
613 935 701 997 iratis
726 921 928 998 afficerentur
951 934 1057 1014 melis,
1081 933 1251 996 Gabinium
1275 932 1379 995 adhuc

207 1041 369 1104 absentem
385 1047 485 1104 morte
500 1043 636 1105 multare
651 1042 841 1106 decrevisse:
862 1042 941 1106 illud
956 1047 1061 1104 tamen
1077 1041 1241 1104 manifesto
1252 1045 1379 1124 apparet

207 1169 335 1212 causam
359 1149 447 1212 illam
471 1169 544 1213 cum
568 1150 776 1213 inundatione
799 1150 896 1232 vulgo
920 1150 1121 1212 coniunctam
1144 1147 1262 1230 csse:¹)
1293 1147 1378 1230 quod

207 1276 243 1319 co
267 1257 392 1320 facilius
423 1257 492 1320 fieri
522 1263 658 1340 poterat,
690 1277 753 1340 quo
782 1260 913 1341 propias
942 1257 1050 1321 aberat
1077 1255 1272 1336 iudiciuae
1297 1274 1378 1338 quae

206 1382 280 1425 cum
307 1365 352 1427 ita
375 1366 452 1445 sint,
480 1383 545 1426 non
574 1363 686 1427 dubito
715 1383 788 1426 cnm
812 1362 845 1428 ll.
869 1343 1022 1446 Langioi)
1047 1363 1213 1446 epistulam
1242 1367 1378 1425 exermte

205 1489 314 1533 mense
336 1469 465 1533 Octobri
485 1472 634 1555 scriptam
653 1475 774 1553 putare,
799 1491 872 1533 cnm
892 1469 1001 1534 Cicero
1025 1470 1129 1533 adhuc
1146 1470 1181 1531 in
1198 1469 1378 1532 Tusculano

207 1582 386 1640 versaretur
405 1579 469 1658 (§2
489 1578 546 1658 in,
570 1577 606 1640 cf.
625 1597 672 1660 ep.
693 1580 714 1640 4
734 1579 806 1658 §aa
831 1578 939 1660 itaque
962 1577 1059 1640 rerba
1076 1566 1188 1663 ,ἤματ’
1210 1571 1378 1661 ὀπωρινῷ)

205 1685 333 1767 proprio
357 1703 453 1748 sensu
477 1685 550 1748 licet
572 1685 762 1768 intellegere.

313 1861 377 1945 sp.
402 1861 446 1928 aa
470 1861 545 1928 aar.
570 1863 632 1929 rr.
656 1860 698 1928 19
724 1865 777 1945 t:
795 1862 851 1928 rr.
878 1867 917 1926 rr
943 1865 961 1944 g
988 1869 1020 1940 13
1049 1865 1087 1926 rs
1113 1865 1131 1944 s
1156 1865 1174 1926 a
1200 1861 1270 1942 cra.

204 1987 353 2052 Baiter:
1185 2041 1191 2053 .

204 2093 285 2157 Wes
292 2115 308 2157 e
315 2095 519 2178 nbergius:
551 2062 609 2104 scr.
616 2040 734 2104 Romae
751 2047 887 2106 exeunte
902 2061 1010 2104 mense
1020 2039 1194 2104 Novembri
1206 2041 1376 2104 a.u.c.700.

294 2203 417 2264 Ansam
454 2203 604 2286 temporis
640 2202 812 2266 definiendi
848 2202 1000 2285 praebent
1032 2201 1130 2264 rerba
1162 2202 1239 2264 hacc
1272 2203 1302 2281 (ξ
1330 2203 1376 2279 2);

205 2358 238 2388 ,,.
264 2359 270 2371 .
296 2308 428 2372 hiberna
451 2310 584 2391 legionis
609 2309 745 2392 eligendi
769 2310 853 2392 optio
878 2309 982 2372 delata
1006 2310 1060 2392 (sc.
1088 2307 1217 2390 Quinto)
1241 2326 1378 2370 commo-

206 2415 297 2496 dum,
321 2417 421 2479 atad
444 2436 495 2480 me
518 2416 653 2480 scribit.“

298 2522 422 2604 Caesar,
437 2543 477 2588 ne
496 2524 736 2607 tempestatibus
756 2525 989 2607 enavigatione
1008 2523 1239 2603 excluderetur,
1259 2541 1292 2584 se
1307 2526 1379 2584 ante

207 2631 447 2712 aequinoctium
471 2633 504 2694 in
529 2630 664 2695 Galliam
688 2634 861 2695 exercitam
887 2637 1062 2714 reportasse
1084 2630 1246 2709 tradidit.⁴)
1271 2630 1379 2711 aequi-

205 2739 301 2800 noctii
333 2745 441 2801 autem
471 2737 538 2802 dies
570 2739 632 2802 fuit
655 2742 706 2803 25.
731 2739 814 2822 Sept.
841 2740 917 2801 anni
940 2738 1070 2820 Iuliani,
1101 2740 1119 2801 i.
1146 2757 1171 2801 e.
1202 2737 1378 2802 secundum

206 2847 473 2926 computationem

294 3022 320 3090 1)
340 3023 373 3076 cf.
394 3039 435 3090 cp.
455 3023 488 3075 ad
509 3021 558 3088 Qu.
579 3023 609 3077 fr.
630 3023 678 3076 [n.
700 3024 715 3076 7
735 3025 750 3093 ξ
770 3025 794 3078 1.

295 3110 321 3180 2)
342 3112 392 3166 hec
412 3112 606 3180 quodammodo
625 3129 656 3166 eo
675 3113 808 3180 probatur,
829 3114 900 3182 qaod
913 3114 962 3167 Dio
977 3113 1029 3183 (39,
1050 3114 1092 3165 62.
1112 3112 1156 3180 63)
1170 3110 1286 3180 prodidit
1299 3110 1378 3162 Pom-

202 3199 307 3267 peium,
334 3217 386 3268 quc
411 3203 529 3270 tempore
553 3203 627 3270 prius
654 3203 757 3256 Gabinii
781 3203 910 3257 iudicium
940 3205 1117 3270 exerceretur,
1144 3201 1270 3254 frumenti
1295 3215 1377 3253 caasa

201 3288 290 3342 Roma
307 3289 414 3358 afuisse,
435 3291 497 3359 quia
515 3291 679 3359 permidtum
698 3293 868 3346 inundatione
888 3295 958 3346 esset
971 3295 1134 3361 corruptam.
1154 3294 1325 3344 tamencum
1345 3289 1379 3342 ad

203 3377 295 3430 urbem
328 3379 410 3433 fuisse
437 3383 546 3448 apparet
572 3397 606 3433 ex
634 3398 674 3448 ep.
700 3383 733 3434 ad
762 3381 812 3446 Qu.
833 3382 863 3436 ir.
883 3383 931 3435 ΙΠ.
951 3384 970 3434 4
988 3385 1002 3451 ᾗ
1022 3384 1036 3435 1
1056 3383 1101 3436 fin.
1121 3385 1148 3434 ct
1167 3383 1181 3450 ξ
1201 3383 1224 3434 2.
1264 3379 1376 3431 Dionem

202 3468 287 3520 secati
314 3471 378 3522 sunt
401 3470 574 3522 Dramannus
594 3471 643 3533 dv
661 3488 686 3538 p.
708 3471 770 3540 527)
791 3474 817 3524 et
835 3471 865 3525 L.
885 3471 975 3540 Lange
995 3471 1059 3540 (ΠΡ
1077 3489 1102 3539 p.
1121 3471 1193 3538 356).
1219 3470 1266 3523 sed
1285 3467 1378 3521 Ilienis

200 3557 266 3609 fides
279 3557 325 3610 rel
338 3558 399 3612 inde
413 3560 561 3627 suspectior
579 3559 622 3627 fit,
643 3561 714 3627 quod
729 3559 761 3629 (o.
776 3561 820 3630 62)
841 3559 994 3614 Ciceronem
1014 3561 1040 3612 in
1055 3560 1195 3613 Gabinium
1210 3557 1379 3612 acerbissime

199 3646 338 3701 invectum
364 3665 422 3701 csse
447 3649 568 3716 tradidit,
595 3650 640 3718 qui
665 3652 754 3703 tarmen
780 3650 837 3718 ipso
855 3650 920 3704 dicit
940 3650 983 3719 (ad
1003 3649 1052 3715 Qu.
1073 3651 1106 3702 fr.
1127 3649 1177 3702 ΠΙ.
1197 3649 1222 3715 9,
1243 3649 1271 3714 13
1290 3647 1316 3713 4,
1335 3646 1379 3713 3):

201 3737 296 3788 testem
319 3737 426 3804 quidem
454 3755 483 3790 se
509 3738 694 3791 uehementem
721 3739 816 3804 fnisse,
841 3756 928 3808 neque
951 3743 1041 3792 tamen
1068 3739 1168 3793 arsisse
1191 3753 1268 3790 rcum
1293 3751 1380 3803 neque

200 3823 314 3879 levasse.
335 3843 364 3880 re
384 3843 448 3880 vera
461 3827 604 3895 Pompeias
623 3830 715 3896 postca
733 3829 822 3882 ncscic
841 3845 874 3881 an
894 3829 1021 3882 frumenti
1039 3830 1065 3881 in
1085 3829 1181 3882 urbem
1198 3824 1380 3894 comportandi

201 3931 282 3968 causa
300 3915 386 3969 Rome
404 3917 472 3970 afuit
491 3917 534 3986 (cs.
555 3934 595 3985 ep.
616 3918 649 3970 ad
670 3917 718 3983 aa.
739 3918 770 3970 fr.
791 3919 840 3971 lli.
861 3920 885 3986 9,
905 3918 942 3989 3).

287 4004 514 4074 ffifflpffl

286 4093 314 4163 4)
334 4094 359 4147 b.
374 4094 404 4147 G.
418 4095 451 4146 V.
468 4096 517 4162 233
538 4095 629 4160 Quina
650 4099 677 4149 et
696 4097 816 4150 Caesaris
834 4097 950 4164 litteraS,
970 4115 1037 4166 quas
1057 4098 1148 4152 Cicero
1167 4113 1190 4150 a.
1208 4097 1233 4150 d.
1251 4094 1300 4148 lX.
1315 4091 1377 4146 Kal.

198 4182 268 4236 Nor.
282 4184 384 4252 accepit
395 4184 439 4253 (ad
450 4187 503 4236 aa.
514 4185 561 4240 lV.
574 4186 614 4253 18,
629 4187 665 4256 ὁ),
679 4203 727 4240 nos
741 4203 847 4254 qaoque
861 4204 884 4241 a.
896 4188 920 4241 d.
929 4188 975 4240 Vl.
987 4187 1050 4242 Kal.
1062 4187 1119 4241 Oct.
1134 4205 1174 4240 ex
1193 4182 1380 4239 Britannia

198 4254 275 4325 datas
295 4274 465 4341 arbitramur,
491 4275 523 4329 cl.
538 4275 641 4344 Zumpt.
663 4277 765 4346 (Jahrb.
784 4279 801 4329 s.
820 4277 853 4330 cl.
874 4277 971 4331 Plrilcl.
992 4277 1120 4348 Supplbd.
1135 4278 1189 4330 Vll
1207 4295 1232 4347 p.
1248 4276 1302 4328 564
1320 4271 1379 4343 sq),

199 4361 302 4432 Unger.
324 4363 412 4433 (Neue
431 4365 523 4420 Jahrb.
544 4369 594 4420 ete.
616 4365 734 4422 CXXIX
754 4385 779 4436 p.
800 4367 872 4431 586).
