3214 5074
690 291 899 352 „51..

210 472 270 546 est,
290 486 383 548 cogas
402 485 530 528 causam
551 466 589 528 de
607 467 742 529 fortunis
761 467 910 530 omnibus
926 468 1030 530 dicero
1039 469 1071 530 1“
1091 471 1272 551 proximum
1288 469 1379 532 illuni

210 594 299 636 reum
319 573 353 636 P.
365 573 531 636 Vatinium
553 573 653 636 fuisse
672 575 824 636 traditum
843 577 925 655 est.¹)
949 595 1021 638 euru
1042 581 1147 638 tamon
1167 595 1229 638 nou
1251 577 1378 638 (1111111110

209 683 353 764 proximo
377 681 556 744 defendisse
580 680 776 761 Ciceronem,
807 682 861 745 sed
885 685 1029 765 proxime
1058 683 1106 745 dc
1138 684 1378 746 sodaliciis

209 793 331 868 reunil)
361 794 392 850 ot
422 807 462 850 ox
492 789 602 850 scholii
633 789 738 852 verbis
771 789 997 853 concluserim:
1039 791 1119 872 „ianr
1152 792 1190 854 de
1221 791 1379 853 sodaliciis

210 917 336 958 eausam
361 896 485 957 dixerat
509 894 542 956 P.
562 895 713 958 Vatinius
743 897 854 958 eodem
884 897 1070 960 defendente
1094 897 1134 958 M.
1160 897 1326 960 (1110101101ι
1350 907 1380 960 et

209 1023 250 1066 ex
275 1003 426 1065 Cicerone
448 1003 530 1084 ipsu,
560 1021 634 1065 cum
663 1011 810 1086 oppa-root
837 1021 910 1066 eum
939 1023 1013 1067 oum
1044 1004 1172 1067 Plancio
1197 1024 1260 1067 non
1285 1025 1378 1086 quoru

208 1112 353 1194 proxime
374 1109 548 1174 defenderit
569 1129 763 1192 comparare,
783 1111 838 1173 sod
860 1113 1043 1193 proximum
1067 1112 1209 1174 eiusdem
1236 1113 1378 1173 oriminis

211 1223 400 1281 accusatum.
409 1219 434 1299 3)

300 1324 387 1400 Quae
406 1344 481 1386 cum
503 1325 546 1386 ita
569 1325 647 1403 siut,
679 1323 817 1386 dubitari
841 1325 897 1386 vix
920 1326 1046 1406 poterit,
1078 1326 1157 1406 quin
1181 1324 1289 1387 Cicero
1313 1345 1380 1386 oro-

211 1435 327 1496 tionem
352 1432 439 1494 illam
462 1431 548 1494 ludis
566 1428 745 1507 Romanis)
769 1431 929 1509 habuerit;
955 1451 1029 1494 cunr
1048 1451 1123 1494 vero
1148 1433 1284 1494 scinruus
1308 1451 1381 1494 eum

212 1561 238 1602 a.
258 1541 286 1602 d.
305 1539 361 1602 IV.
381 1539 427 1601 ld.
448 1538 530 1621 Sept.
549 1539 584 1600 in
607 1538 733 1600 Arcano
756 1537 890 1621 fussee)
915 1545 945 1601 et
968 1541 1030 1602 iani
1055 1545 1146 1602 antea
1169 1541 1202 1601 iu
1226 1540 1381 1622 Arpinati,

213 1667 284 1710 eum
307 1649 417 1730 paucis
441 1646 553 1709 diebus
577 1652 649 1709 ante
672 1645 774 1708 Roma
797 1666 958 1727 egressum
983 1666 1050 1710 esse
1074 1647 1294 1709 manifestum:
1324 1666 1381 1728 pro

213 1756 340 1818 Plancio
365 1755 463 1836 igitur
487 1753 607 1816 dixisse
629 1753 757 1816 videtur
780 1755 851 1817 circ.
871 1752 951 1816 Non.
972 1753 1054 1836 Sept.

255 1971 318 2053 lla.
338 1968 382 2034 ad
402 1968 487 2033 fam.
498 1968 538 2034 11.
559 1968 598 2032 8:
622 1967 664 2030 M.
681 1967 789 2032 Cicero
814 1968 843 2031 S.
861 1968 895 2032 Ο.
915 1968 956 2031 M.
974 1967 1096 2030 Licinio
1120 1968 1154 2031 P.
1170 1968 1203 2030 F.
1221 1967 1340 2031 Crasso.

213 2115 466 2178 Schuetnius:
499 2133 556 2176 scr.
576 2112 695 2175 Romae
718 2131 826 2175 mense
849 2111 938 2175 Febr.
964 2133 988 2176 a.
1009 2133 1038 2174 u.
1060 2132 1083 2174 c.
1105 2113 1177 2174 699.

214 2221 384 2284 Grubor:
408 2220 473 2282 lan.
494 2221 538 2300 (in
558 2240 621 2302 qua
635 2219 742 2282 Cicero
762 2219 890 2281 videtur
909 2219 1046 2281 scribere
1065 2219 1104 2280 de
1124 2218 1234 2280 Crasso
1254 2218 1382 2280 defenso

372 2333 480 2390 contra
504 2327 686 2407 consulum,
719 2333 755 2388 ut
777 2331 905 2409 propter
927 2327 1070 2408 neglecta
1093 2326 1231 2408 auspicia
1256 2345 1382 2387 rovora-

371 2442 467 2516 retur,
497 2434 706 2516 rogationem,
740 2454 836 2516 quam
870 2436 938 2496 sino
972 2433 1068 2495 dubio
1100 2433 1202 2495 statim
1238 2433 1383 2494 incuntes

372 2540 531 2623 tulerant).
1086 2616 1088 2621 ι

212 2649 403 2732 Suepflc:
435 2668 493 2709 sor.
518 2665 626 2710 meuse
649 2646 715 2709 Ian.
735 2645 855 2709 Romae
879 2668 904 2708 a.
925 2667 955 2709 u.
975 2633 1000 2708 c]
1022 2627 1093 2710 7110.

212 2756 368 2818 Baiter:
934 2809 940 2819 .

212 2862 545 2940 Wesenbergius:
604 2827 661 2870 sor.
682 2827 790 2871 mense
813 2807 962 2870 Ianuario
987 2828 1012 2871 a.
1032 2828 1062 2870 n.
1083 2828 1107 2870 c.
1129 2809 1201 2871 700.

301 2969 502 3052 Epistulam
526 2987 659 3031 numero
684 2989 794 3032 earum
817 2969 961 3049 habetur,
990 2970 1029 3031 do
1053 2968 1171 3052 quibus
1194 2971 1269 3030 certi
1296 2969 1384 3049 quic-

215 3098 310 3160 quam
328 3077 384 3137 vix
403 3095 493 3159 posse
513 3076 575 3138 dici
593 3077 747 3139 videatur.
771 3077 826 3139 sed
848 3078 933 3158 quod
953 3078 1021 3139 eius
1041 3076 1109 3138 fieri
1128 3078 1240 3159 possit,
1264 3081 1384 3158 specte-

216 3204 300 3247 mus:
326 3203 407 3245 anno
429 3183 491 3247 100
511 3183 588 3267 (non
608 3191 743 3246 exeunte
762 3204 845 3246 anno
866 3183 943 3266 699)
966 3184 1085 3246 litteras
1111 3184 1198 3245 (latas
1224 3202 1291 3245 osse
1310 3183 1384 3244 iudo

214 3297 347 3372 constat,
368 3291 452 3372 qnod
472 3290 510 3354 de
529 3292 731 3353 contentione
755 3310 842 3353 oum
866 3290 1110 3353 oonsulibus
1135 3295 1165 3352 et
1184 3309 1254 3351 euni
1276 3289 1384 3352 multis

214 3398 434 3462 consularibus
464 3397 571 3461 Cicero
601 3398 709 3461 scribit
732 3399 761 3478 lg
785 3399 827 3478 1),
857 3417 961 3480 noque
990 3403 1096 3460 taruen
1127 3417 1209 3460 anuo
1238 3397 1408 3473 exeunte,¹

214 3507 301 3590 quod
326 3506 364 3568 de
388 3505 421 3568 P.
442 3504 545 3568 Crassi
569 3505 684 3588 (adhuc
706 3504 824 3567 Romae
849 3504 1084 3585 conunorantis)
1108 3505 1142 3565 in
1166 3502 1290 3582 Syriam
1314 3523 1384 3586 pro-

213 3616 347 3678 fectione
382 3633 423 3678 ne
458 3613 592 3676 verbnm
630 3612 759 3702 quidem
794 3612 881 3692 facit,
921 3614 976 3693 qui
1013 3611 1182 3674 Plutarcho
1196 3612 1217 3690 ⁰)
1258 3615 1384 3672 auctore

215 3750 388 3757 w...—

303 3811 329 3878 1)
350 3810 432 3864 schol.
453 3809 518 3863 Bob.
539 3809 594 3877 (Or.
609 3808 634 3860 V
654 3811 680 3876 2)
700 3827 725 3876 p.
745 3808 806 3861 262.

303 3901 329 3963 2)
348 3899 392 3966 11)ΙΊ
413 3900 446 3952 cf.
467 3917 491 3966 p.
512 3899 572 3951 322.
835 3903 837 3907 '

302 3989 329 4057 3)
349 3989 413 4041 item
431 3987 565 4042 iudicasse
584 3988 662 4041 video
682 3987 786 4054 Zumpt.
806 3986 823 4040 l.
842 3986 861 4040 l.
881 4004 906 4054 p.
926 3985 986 4061 547.

302 4079 329 4140 4)
349 4079 381 4130 do
400 4081 535 4131 tensarum
555 4094 652 4145 pompa
670 4078 712 4130 his
731 4077 802 4130 ludis
821 4077 891 4129 facta
910 4074 985 4129 oi.L.
1000 4071 1385 4140 Ε1·1((11ἑὶ(1(101..1)111(11111111·

214 4169 331 4237 quaint:
351 4167 444 4222 Romu.
465 4167 638 4221 Stratsvorw.
657 4167 699 4220 ΠῙ
717 4185 743 4234 p.
761 4165 816 4218 488
835 4183 874 4234 sq.
1264 4147 1268 4156 Δ

303 4257 329 4325 5)
350 4259 383 4312 of.
403 4275 443 4325 op.
463 4259 496 4310 ad
517 4257 566 4322 Qu.
587 4259 618 4310 ir.
638 4257 687 4309 111,
713 4260 723 4310 1
743 4255 779 4308 in.

302 4347 396 4416 6)(’11Ι
417 4346 503 4400 Crass.
525 4348 567 4400 17.
