3214 5074
699 309 909 373 ..8-

216 486 325 550 Cicero
349 486 388 550 de
420 486 528 550 Clodio
559 489 688 570 utrique
718 489 780 570 legi
810 488 998 550 adversante
1007 489 1029 563 ¹)
1057 487 1137 549 nihil
1167 486 1256 566 dicit,
1281 506 1391 568 quam·

217 614 313 677 quam
337 596 604 658 verisimillimum
629 599 676 658 est
695 595 800 658 statim
819 602 889 678 post
907 596 993 678 leges
1012 595 1083 658 illas
1103 595 1297 676 conscriptas
1317 613 1391 657 eum

142 703 145 710 '
217 708 256 765 et·
270 721 402 785 negasse
414 703 598 786 Aquicquam
623 703 679 766 uni
704 708 794 766 extra
817 703 961 766 ordinem
980 703 1157 786 oportuisse
1181 702 1307 764 decerni
1317 703 1341 782 2)
1360 707 1392 764 ot

218 807 400 873 Ciceronem
429 810 680 893 reprehendisse,
712 809 798 892 quod
826 811 866 873 ad
895 811 1005 893 popuii
1035 819 1139 893 partes
1168 809 1332 872 transisset
1361 813 1392 871 et

220 917 312 999 quasi
335 915 527 1000 prodidisset
549 923 679 984 senatus
701 919 919 980 auctoritatem
944 917 1043 980 hostis
1068 915 1302 999 Capitolinus3)

247 1155 310 1201 W
455 1134 458 1140 ·
538 1151 539 1156 a
592 1095 683 1178 ‚up
707 1094 750 1190 aa,
775 1093 937 1196 nourr.
963 1095 994 1159 a.

220 1237 479 1300 Schuet'aius:
506 1257 562 1302 scr.
588 1237 705 1301 Romae
728 1258 836 1302 mense
855 1237 987 1301 'Octobri
1010 1259 1036 1300 a.
1061 1258 1091 1322 u.
1116 1257 1140 1300 o.
1166 1239 1238 1300 696.

221 1344 393 1408 Gruber:
415 1337 446 1408 ¹a
473 1366 517 1429 pr.
542 1344 610 1408 Kal.
636 1345 703 1408 Oct
727 1366 773 1430 ep.
804 1346 926 1408 orditur
958 1351 989 1408 et
1020 1346 1141 1427 aliquot
1174 1344 1296 1406 dierum
1325 1350 1393 1406 acta

289 1492 293 1506 ·
353 1453 583 1536 complectitur,
611 1473 715 1535 neque
743 1460 848 1516 tamen
877 1454 979 1516 serius
1003 1472 1099 1535 quam
1125 1451 1181 1514 ΙΙΙ.
1206 1450 1286 1525 Non.
1312 1449 1390 1512 Nov.

353 1560 433 1640 data,
457 1561 548 1624 cuius
573 1560 635 1623 diei
658 1567 727 1623 acta
750 1562 783 1622 in
801 1579 853 1643 ep.
878 1561 917 1623 ad
941 1560 1004 1623 Att.
1029 1559 1084 1621 IV.
1110 1562 1128 1622 3
1154 1566 1329 1621 narrantur.

220 1666 403 1750 Suepile:
429 1687 486 1730 scr.
511 1666 629 1730 Romae
652 1651 764 1730 niense
784 1666 849 1730 Oct.
875 1687 899 1729 a.
925 1687 955 1729 u.
975 1687 1004 1740 c.
1030 1668 1103 1732 697.

220 1773 336 1854 Frey:
363 1775 418 1838 der
432 1774 523 1838 Brief
538 1775 579 1852 ist
598 1780 677 1837 etwa
695 1775 787 1838 einen
802 1774 910 1837 Monet
926 1774 1005 1836 naoh
1021 1773 1090 1836 dem
1114 1771 1393 1856 vorhergehenden

234 1899 248 1934 r
354 1881 566 1964 gesohrieben.

223 1989 375 2053 Baiter:
406 2011 421 2040 ε·
748 2015 763 2046 κ

221 2095 546 2178 ψθὸθῃὺθΐὲἰῃὸ,
604 2062 665 2106 εον.
685 2039 803 2106 Romae
827 2062 934 2105 mense
958 2040 1024 2104 Oct.
1049 2063 1074 2106 a.
1100 2063 1128 2105 u.
1154 2062 1178 2104 c.
1204 2044 1276 2104 697.

222 2201 304 2264 Hos
308 2221 494 2270 mannus:
513 2201 568 2265 der
584 2197 675 2264 Brief
688 2203 730 2264 ist
745 2202 1006 2270 mahascheinlioh
1021 2201 1110 2286 Mitte
1127 2201 1269 2280 October,
1285 2200 1394 2282 jeden-

349 2309 428 2391 ¹falls
452 2329 510 2371 vor
532 2331 557 2374 a.
583 2310 611 2374 d.
635 2309 693 2373 III.
717 2309 802 2374 Nom
822 2309 901 2373 Nor.
925 2309 1136 2394 geschrieben.

314 2415 383 2479 Hae
402 2417 530 2499 litterae,
551 2417 667 2499 quibus
687 2437 768 2500 quae
787 2438 830 2500 pr.
851 2415 921 2480 Kal.
936 2416 1002 2488 Oct.
1022 2424 1117 2499 atque
1135 2417 1264 2480 incunte
1289 2435 1395 2478 mense

225 2522 353 2585 Octobri
376 2523 458 2586 faeta
481 2531 555 2587 sunt
578 2533 771 2604 enarrantur,
796 2545 934 2607 quonam
959 2525 1075 2588 mensis
1099 2531 1238 2606 tempore
1262 2523 1395 2606 scriptae

226 2637 330 2693 essent
352 2631 412 2692 viri
437 2631 520 2693 docti
544 2651 695 2713 quaerere
718 2633 904 2709 noluerunt3
940 2651 1133 2714 quamquam
1167 2630 1323 2714 quaedam
1356 2629 1394 2692 ad

225 2738 402 2826 accuratius
425 2744 548 2820 tempus
573 2739 788 2801 definiendum
812 2739 914 2801 inesse
933 2739 1090 2818 videntum
1115 2739 1185 2800 dico
1205 2737 1301 2800 verba
1321 2737 1396 2799 haec
1511 2766 1514 2772 ·

223 2844 256 2926 (ξ
281 2847 300 2905 2
324 2843 401 2921 fini:
436 2865 548 2926 „quam
583 2847 634 2924 (so.
664 2846 837 2908 orationem
872 2845 1046 2925 dedomo)
1078 2845 1144 2926 tihi,
1178 2846 1300 2908 etiarnsi
1332 2863 1397 2906 non

226 2951 394 3031 desideras,
418 2957 522 3014 tamen
547 2952 670 3013 mittam
693 2953 798 3014 cito“:.
813 2951 897 3014 rande
921 2952 1067 3015 concludi
1090 2971 1190 3035 posse
1205 2948 1312 3034 putem
1332 2951 1397 3032 epi-

225 3059 341 3121 stulam
365 3059 449 3121 haud
473 3059 517 3120 ita
540 3059 639 3120 multo
664 3064 734 3143 post
753 3066 783 3122 et
806 3059 944 3122 habitam
969 3062 1140 3122 orationem
1166 3066 1196 3122 et
1220 3079 1270 3122 res
1293 3059 1325 3119 in
1351 3077 1396 3140 ep.

225 3171 366 3258 narratas
395 3165 517 3246 (diebus
549 3166 704 3228 distinctis
734 3187 834 3249 usque
863 3167 902 3229 ad
932 3187 957 3228 a.
987 3167 1015 3229 d.
1039 3166 1094 3230 VI.
1118 3166 1199 3229 Non.
1219 3166 1301 3245 Oct.)
1330 3183 1397 3228 esse

226 3273 389 3355 scriptam:
424 3293 496 3334 nam
520 3273 661 3356 longiore
685 3275 839 3357 temporis·
858 3275 958 3355 spatio
980 3275 1147 3357 praeterito
1171 3273 1263 3336 facile
1287 3273 1398 3334 oratio·

225 3400 298 3443 nem
322 3378 519 3442 scribendam
538 3380 641 3462 potnit
665 3400 775 3443 curare
800 3381 916 3443 Cicero.
940 3385 1101 3463 praeterea
1124 3380 1219 3443 verba
1238 3382 1268 3460 (ξ
1290 3382 1309 3441 h
1329 3379 1395 3457 int:

226 3487 416 3567 „aestimatio
441 3537 446 3549 .
472 3535 477 3546 .
503 3539 508 3550 .
532 3487 788 3568 reprehenditur*
813 3488 1028 3552 demonstrare
1051 3487 1209 3567 videntur,
1238 3484 1397 3568 quomodo

227 3594 404 3676 acceperint
436 3594 579 3657 homines
612 3600 740 3658 senatus
773 3590 953 3659 consultum
976 3594 1057 3657 illud
1087 3594 1180 3656 modo
1204 3594 1330 3655 factum.
1358 3629 1398 3637 -

226 3701 306 3762 nihil
322 3701 428 3763 valent
447 3701 487 3764 ad
507 3702 710 3765 statuendum
730 3710 853 3786 tempus
869 3702 965 3766 verba
976 3705 1039 3784 (ἐξ)
1054 3700 1109 3784 in.)
1121 3747 1153 3782 ,,.
1166 3752 1171 3764 .
1183 3707 1309 3765 senatus
1326 3719 1399 3762 con·

227 3809 354 3888 saltum,
370 3809 508 3890 ...quod
528 3809 567 3871 ad
583 3814 613 3874 te
632 3811 768 3890 misum)
789 3810 873 3892 quod
892 3829 1045 3872 unacum
1061 3809 1118 3871 hac
1136 3811 1205 3892 ipsa
1224 3829 1269 3892 ep.
1281 3795 1398 3870 factum

317 4004 344 4073 1)
364 4005 397 4057 de
416 4005 493 4058 domo
512 4005 542 4070 8,
562 4005 604 4058 18.
674 4037 678 4042 ‚

316 4094 343 4162 2)
361 4094 397 4148 ib.

316 4182 344 4252 3)
363 4183 397 4237 ih.
418 4186 446 4251 2,
466 4184 490 4236 4.
520 4185 549 4251 3,
570 4185 594 4238 7.

322 4273 344 4343 ’)
364 4274 397 4326 of.
416 4273 552 4328 Kuehner.
572 4290 610 4342 gr.
630 4273 714 4326 latss
733 4273 747 4325 1
768 4291 792 4342 p,
814 4274 880 4339 1153
899 4273 974 4326 Boot.
990 4273 1034 4339 (M.
1049 4272 1076 4325 Τ.
1091 4273 1144 4329 Cio.
1165 4290 1205 4344 ep.
1225 4273 1258 4326 ad
1278 4272 1305 4325 Τ.
1320 4271 1399 4326 Pom-

228 4363 336 4433 ponium
353 4363 474 4416 Atticum
493 4379 554 4431 1·eo.‚
574 4363 686 4417 Amstel.
702 4363 782 4430 1865)
801 4363 835 4418 ad
854 4363 926 4418 huuc
944 4361 1042 4418 locum,
