3214 5074
722 331 762 340 ...
806 283 931 358 lp„

448 470 1206 560 QfflQffissssssssffiffll

241 596 503 660 Schuetzius:
529 616 587 660 scr.
611 595 729 660 Romae
752 616 861 660 mense
885 595 1020 673 Quintili
1046 618 1071 659 a.
1091 618 1120 659 u.
1141 616 1166 658 c.
1187 597 1259 660 699.

242 703 415 767 Gruber:
439 710 512 786 post
534 704 579 768 Id.
603 704 674 769 lun.

240 811 322 875 Hoi
326 812 341 874 f
345 833 378 874 a:

240 919 396 982 Baiter:

240 1016 566 1109 Wesenbergius:
598 1045 655 1090 scr.
680 1025 798 1088 Romae
821 1046 930 1090 mense
955 1026 1090 1101 Quintili
1113 1025 1178 1106 (VI.
1203 1025 1272 1089 Kal.
1293 1025 1410 1106 Sexti)

424 1153 449 1195 a.
469 1154 499 1196 u.
520 1153 544 1195 c.
567 1135 638 1197 700.

330 1240 550 1323 Sciungendas
574 1259 643 1303 essa
667 1241 723 1303 has
746 1242 867 1304 litteras
895 1262 913 1304 a
941 1241 1158 1324 superioribus
1189 1239 1307 1317 Quinto
1331 1240 1410 1302 datis

239 1351 303 1412 iam
327 1347 491 1411 Manutius
515 1347 665 1426 obtinuit,
688 1352 783 1429 atque
806 1348 1010 1410 manifestum
1033 1353 1081 1410 est
1104 1355 1135 1410 et
1152 1348 1264 1409 verba:
1290 1347 1409 1410 calamo

240 1476 265 1520 e.
286 1477 314 1538 q.
335 1477 357 1519 s.
383 1473 485 1517 novae
515 1455 670 1537 epistulae
699 1471 767 1517 esse
798 1455 925 1517 initium
956 1460 987 1517 et
1016 1455 1050 1516 in
1080 1461 1216 1537 utraque
1246 1455 1285 1517 de
1315 1453 1410 1516 rebus

240 1583 369 1647 prorsus
393 1563 527 1627 diversis
551 1563 610 1644 agi.
648 1562 733 1644 quod
764 1563 803 1624 ad
834 1568 959 1645 tempus
983 1564 1106 1644 attinet,
1131 1561 1409 1644 Wesenbergius¹t

240 1671 323 1732 hano
342 1670 510 1752 epistulam
534 1669 620 1750 „sine
645 1668 741 1731 dubio
765 1668 877 1731 eodem
901 1670 951 1732 die
976 1671 1124 1752 scriptam
1143 1675 1232 1752 putat
1251 1674 1345 1750 atque
1363 1687 1409 1750 ep.

241 1777 280 1839 ad
300 1777 363 1839 Att.
384 1776 438 1840 IV.
461 1778 528 1856 1511,
547 1777 629 1839 hanc
648 1779 754 1839 autem
777 1779 879 1859 ipsam
888 1777 943 1839 Vl.
957 1777 1027 1840 Kal.
1038 1777 1133 1858 Sext,
1145 1778 1306 1839 ‘nimirum
1326 1776 1410 1858 quod

240 1885 274 1946 in
294 1890 428 1965 utraque
448 1883 558 1945 eadem
575 1884 640 1946 fere
658 1884 765 1946 insint
784 1903 889 1965 neque
908 1890 1012 1946 tamen
1032 1905 1105 1948 cum
1124 1905 1159 1947 eo
1178 1885 1272 1967 plane
1290 1884 1409 1964 faciam,

241 1993 316 2073 quia
335 1989 443 2052 Cicero
467 1991 693 2052 accuratiorem
716 2008 822 2052 rerum
845 1992 987 2052 notitiam
1011 1992 1045 2053 in
1068 2003 1113 2074 ep.
1133 1991 1187 2053 illa
1211 1991 1250 2053 ad
1269 1991 1409 2088 Atticum

240 2097 355 2161 habere
377 2097 517 2160 videtur:
549 2097 637 2160 addit
664 2097 746 2160 diem
777 2099 910 2161 comitiis
933 2097 1085 2161 habendis
1111 2099 1317 2175 destinatum3
1343 2117 1409 2160 sus-

240 2225 337 2289 penso
362 2205 466 2268 animo
487 2210 659 2288 exspectat,
684 2204 761 2287 quid
784 2206 887 2285 frater,
913 2224 1007 2287 quom
1026 2208 1060 2269 in
1079 2206 1243 2269 Britannia
1261 2208 1323 2268 iam
1344 2223 1409 2267 esse

240 2315 427 2395 suspicatur,
457 2318 542 2395 agat:
575 2313 654 2374 nihil
682 2313 794 2375 harum
821 2331 928 2375 rerum
959 2313 1055 2376 habes
1083 2315 1116 2376 in
1141 2333 1186 2397 ep.
1211 2313 1251 2376 ad
1273 2313 1408 2392 fratrem,

241 2420 296 2482 ubi
318 2421 405 2482 -si
429 2420 557 2501 quidem
581 2420 675 2502 plena
698 2424 745 2482 est
765 2457 806 2464 -—
827 2419 935 2482 deesse
958 2421 1015 2482 vix
1039 2425 1195 2503 poterant,
1221 2425 1410 2503 quapropter

242 2528 322 2590 hanc
341 2528 510 2610 epistulam
530 2547 602 2590 cum
621 2527 763 2607 Boouoo
782 2528 891 2609 paucis
911 2527 1023 2590 diebus
1042 2533 1113 2590 ante
1132 2547 1178 2610 ep.
1187 2528 1294 2590 adAtt.
1304 2527 1359 2589 IV.
1373 2531 1409 2590 15

241 2637 269 2717 (i.
290 2654 314 2697 e.
335 2640 406 2697 ante
425 2655 450 2699 a..
470 2634 498 2696 d.
518 2634 573 2696 Vl.
598 2634 666 2698 Kal.
691 2634 786 2714 Sext.)
812 2634 915 2696 datam
940 2634 1080 2715 arbitror,
1110 2640 1278 2717 antequam
1303 2633 1410 2698 Cicero

239 2743 343 2805 fratris
366 2743 499 2821 litterae,
524 2740 562 2804 de
582 2742 699 2825 quibus
718 2741 826 2804 scribit
845 2741 895 2821 (ad
915 2742 978 2804 Att.
998 2741 1053 2804 IV.
1076 2745 1125 2823 15,
1152 2743 1212 2822 10),
1231 2743 1410 2824 accepisset

240 2850 318 2911 mihi
348 2848 477 2931 quidem
506 2867 692 2931 persuasum
722 2853 781 2928 est,
814 2849 842 2910 si
872 2867 924 2910 aas
955 2833 1023 2911 tum
1052 2850 1119 2910 iam,
1139 2848 1314 2930 habuisset,
1339 2869 1413 2912 eum

240 2957 346 3039 aliquo
370 2956 464 3019 modo
488 2956 697 3038 navigationis
726 2960 821 3037 atque
849 2957 946 3018 totius
978 2939 1187 3038 expeditionis
1218 2957 1423 3042 mentionem

240 3063 398 3126 facturum
416 3062 522 3124 fuisse.

628 3201 1080 3287 mmmmm‘

240 3329 504 3393 Schuetnius:
530 3350 586 3394 scr.
606 3329 724 3393 Romae
747 3329 802 3394 lV.
822 3329 891 3392 Kal.
917 3329 1001 3394 Sext.
1022 3351 1046 3392 a.
1067 3351 1097 3394 u.
1117 3351 1141 3393 c.
1163 3331 1235 3394 699.

241 3437 415 3500 Gruber:
445 3438 500 3502 IV.
526 3438 593 3502 Kal.
619 3438 702 3501 Sext.

239 3545 391 3608 Baiter:
417 3550 474 3608 scr.
494 3545 611 3610 Romae
634 3545 689 3610 IV.
709 3545 777 3608 Kal.
798 3545 933 3614 Sextiles
957 3565 982 3607 a.
1004 3566 1033 3608 u.
1054 3566 1078 3607 c.
1100 3547 1172 3610 700.
1229 3553 1230 3558 ’

239 3652 569 3735 Wesenbergius:
595 3673 652 3716 scr.
672 3652 789 3717 Romae
812 3652 867 3717 VI.
888 3653 956 3715 Kal.
977 3652 1111 3715 Sextiles
1135 3673 1160 3715 a.
1180 3674 1209 3716 u.
1230 3672 1254 3714 c.
1276 3653 1348 3716 700.

329 3759 448 3822 Mirmn
470 3763 504 3822 in
528 3761 659 3823 modum
678 3759 864 3822 Schuetzius
886 3761 1017 3842 eiusque
1041 3764 1208 3822 sectatores
1228 3764 1415 3848 erraverunt

240 3886 265 3930 a.
276 3865 304 3927 d.
313 3865 367 3930 IV.
376 3866 445 3933 Kal.
458 3866 542 3930 Sext.
557 3867 722 3950 epistulam
744 3869 890 3950 scriptam
912 3886 979 3930 esse
996 3867 1195 3947 adnotantes,
1214 3886 1286 3928 cum
1302 3863 1412 3929 Cicero

238 3974 364 4036 comitia
390 3974 472 4037 iacta
495 3974 533 4036 V.
553 3973 622 4037 Kal.
642 3974 727 4038 Sext.
752 3995 785 4038 se
809 3977 1059 4057 perscripturum
1081 3975 1277 4056 promitteret
1300 3971 1332 4055 (ξ
1359 3975 1409 4053 8),

239 4085 367 4144 etcum
398 4081 533 4162 timeret,
563 4101 603 4146 ne
631 4082 812 4145 tabellarius
840 4101 916 4144 mox
945 4080 1198 4165 proficisceretur
1225 4079 1304 4161 (ib),
1325 4093 1411 4142 'eum

454 885 510 929 scr.
530 864 649 930 Romae
674 885 781 928 mense
807 865 940 942 Quintili
964 887 990 930 a.
1010 887 1040 931 u.
1061 886 1084 928 c.
1107 867 1178 932 700.

328 4258 354 4327 1)
374 4259 504 4312 emendat.
525 4257 623 4312 alterae
643 4299 649 4312 .
669 4299 676 4314 .
695 4259 769 4326 Lips.
790 4257 859 4310 1873
878 4274 903 4325 p.
923 4258 965 4312 71.

328 4350 355 4420 2)
375 4348 468 4416 adep.
488 4347 534 4401 IV.
556 4348 597 4417 15,
618 4349 642 4402 7.
