3214 5074
671 322 880 382 ..49-

190 495 365 558 diiudicare
389 516 453 559 non
478 497 589 560 ausim.
615 517 688 559 otim
707 515 783 560 vero
807 497 965 560 tabellarii
986 517 1026 560 ex
1045 497 1212 560 Britannia
1230 496 1363 561 Romam

189 603 347 664 tricesimo
377 603 443 666 fere
473 604 524 666 die
554 604 801 685 pervenirent,¹)
838 604 930 666 facile
958 604 1048 668 vides
1077 606 1199 668 ultimis
1234 604 1362 666 demum

189 709 308 796 mensis
326 709 456 773 Sextilis
475 710 589 773 diebus
609 709 719 796 Quinti
739 711 949 794 epistulam(§
968 714 987 773 4
1004 711 1109 794 ep.)iu
1129 712 1241 774 urbem
1260 711 1363 773 afferri

186 817 336 898 potuisse.
360 855 398 864 -
424 837 487 900 quo
511 817 562 880 die
587 817 695 883 Cicero
719 819 801 882 hanc
825 819 912 882 dedit
935 819 1117 901 epistulam,
1142 839 1177 881 ec
1195 819 1362 880 Vatinium

189 923 379 988 defensurus
403 933 484 1006 erat,
509 946 581 988 curn
603 923 729 988 Drusus
752 927 815 988 iam
840 933 921 988 esset
944 926 1109 988 absolutus
1124 920 1159 1008 (S
1180 927 1226 1005 3);
1252 925 1362 988 Scauri

188 1031 343 1095 iudicium
368 1036 504 1097 statim
528 1036 703 1098 exercitum
721 1036 760 1096 iri
778 1035 917 1114 nuntiat,
942 1035 1033 1102 cuius
1053 1053 1197 1096 summus
1217 1033 1283 1096 dies
1302 1033 1363 1095 fuit

189 1139 328 1203 Asconio
342 1141 447 1222 teste2)
463 1161 488 1204 a.
500 1142 527 1205 d.
539 1141 704 1209 IHINon.
715 1141 812 1225 Sept,
831 1161 913 1223 quae
927 1161 999 1205 cum
1015 1143 1058 1203 ita
1072 1142 1184 1203 sintae
1201 1146 1363 1223 praeterea

189 1246 362 1309 admodum
389 1248 535 1329 dubium,
565 1269 643 1312 num
668 1253 698 1311 et
721 1249 864 1312 celeriter
893 1247 1025 1311 Romam
1054 1248 1174 1310 litterae
1198 1248 1270 1310 illae
1293 1247 1364 1310 Bri-

188 1355 334 1418 tannicae
353 1357 522 1419 translatae
541 1358 604 1419 sint
623 1362 653 1419 et
672 1357 781 1420 eodem
802 1357 865 1437 die,
888 1374 952 1437 quo
972 1375 1025 1418 eas
1044 1357 1223 1437 accepisset,
1241 1354 1363 1418 Tullius

189 1464 395 1544 rescripserit,
418 1464 500 1526 hanc
523 1465 690 1546 epistulam
710 1483 818 1527 mense
842 1463 955 1527 Sextili
973 1465 1036 1525 iani
1059 1462 1234 1545 vergentei)
1259 1463 1362 1524 datam
1470 1527 1472 1534 ,

188 1575 312 1651 putem3
339 1589 402 1651 quo
427 1576 566 1653 tempore
589 1568 715 1635 Drusus
739 1576 769 1634 et
792 1571 940 1634 Vatinius
964 1576 1038 1633 sunt
1061 1570 1237 1649 absolutio

278 1675 386 1740 Liceat
409 1679 485 1740 mihi
509 1679 560 1740 hic
583 1680 677 1761 paulo
702 1680 879 1741 accuratius
909 1678 1074 1758 disserere,
1105 1678 1233 1758 quando
1263 1680 1362 1740 oratio

188 1803 244 1866 pro
265 1784 319 1847 Cn.
331 1784 461 1848 Plancio
483 1786 520 1848 de
539 1785 698 1849 sodaliciis
717 1784 799 1868 re05)
818 1786 925 1849 habita
944 1788 999 1863 sit3
1025 1805 1130 1868 quam,
1151 1785 1236 1867 quod
1256 1786 1363 1866 sciam,

189 1911 298 1954 omnes
320 1894 382 1954 viri
406 1893 490 1955 docti
517 1898 641 1976 praeter
664 1914 765 1956 unum
788 1892 1058 1974 Hartmannumssl
1089 1899 1161 1955 ante
1185 1892 1278 1954 ludos
1301 1891 1363 1954 Ro-

190 1998 326 2082 manos⁷)
347 1998 530 2063 Ciceronem
551 2001 670 2064 dixisse
688 1999 877 2084 putarunt.⁸)
902 2002 1006 2083 agitur
1024 2000 1181 2082 imprimis
1201 1999 1239 2061 de
1259 1999 1363 2061 verbis

191 2105 239 2166 liis
263 2106 332 2187 (34,
362 2106 434 2188 83):
478 2109 551 2188 „sed
581 2110 659 2172 haec
687 2110 793 2172 nescio
823 2127 886 2191 quo
915 2107 1009 2170 modo
1039 2107 1222 2189 frequenter
1252 2108 1285 2167 in
1313 2125 1364 2168 me

193 2214 386 2295 congessisti,
419 2234 560 2296 saneque
588 2217 622 2276 in
650 2234 687 2278 eo
718 2215 828 2278 creber
855 2216 960 2278 fuisti:
995 2221 1025 2276 te
1054 2214 1172 2276 idcirco
1202 2215 1235 2275 in
1269 2212 1363 2274 ludos

193 2337 320 2381 causam
343 2323 484 2385 conicere
508 2323 663 2403 noluisse,
687 2342 727 2386 ne
750 2342 807 2406 ego
831 2341 902 2385 mea
926 2320 1154 2384 consuetudine
1178 2320 1298 2402 aliquid
1324 2320 1363 2382 dc

192 2427 290 2488 tensis
313 2429 546 2492 misericordiae
571 2450 665 2492 causa
689 2430 838 2509 dicerem,
863 2428 948 2511 quod
972 2431 1006 2490 in
1029 2428 1098 2490 aliis
1117 2419 1273 2490 aedilibus
1291 2430 1364 2489 ante

190 2533 341 2599 fecissem.
372 2556 438 2598 non
467 2537 547 2599 nihil
569 2513 668 2620 egisti
697 2537 758 2600 hoc
787 2538 872 2614 locc;
905 2556 980 2598 nam
1003 2537 1082 2598 mihi
1106 2536 1249 2618 eripuisti
1273 2554 1364 2596 orna-

189 2647 332 2706 mentum
348 2646 499 2707 orationis
514 2665 616 2708 meae:
639 2645 814 2726 deridebor,
824 2647 851 2707 si
866 2645 1059 2707 mentionem
1074 2649 1236 2706 tensarum
1250 2643 1363 2721 fecere,

188 2768 262 2812 cuni
284 2757 320 2814 tu
344 2750 376 2813 id
399 2751 611 2834 praedixeris:
637 2753 706 2814 sine
728 2752 827 2814 tensis
851 2757 956 2814 autem
981 2751 1059 2832 quid
1082 2754 1190 2832 potero
1216 2749 1362 2811 dicerem
1477 2769 1480 2776 ·

190 2857 229 2919 de
248 2857 366 2938 quibus
385 2858 581 2941 explicandis
596 2859 742 2922 Wunder
749 2857 773 2941 9)
792 2859 856 2921 fere
876 2859 1067 2940 desperavit,
1094 2859 1186 2920 cuius
1205 2857 1240 2918 in
1258 2859 1362 2919 animo

191 2964 359 3045 scrupulus
388 2967 527 3029 maxime
555 2968 582 3028 is
612 2965 782 3046 residebat,
815 2985 894 3028 num
926 2967 959 3027 in
990 2966 1067 3048 ipsis
1096 2965 1182 3026 ludis
1212 2963 1363 3026 Romanis

192 3068 345 3133 iudicium
371 3073 409 3135 de
431 3074 590 3136 sodaliciis
615 3075 756 3136 exerceri
778 3075 935 3136 licuisset:
949 3073 986 3156 ¹⁰)
1018 3073 1104 3155 quod
1127 3072 1197 3135 fiori
1220 3072 1362 3154 potuisse

193 3195 250 3237 nos
274 3176 448 3243 docueruut
471 3179 736 3262 Hartmannusss)
761 3187 792 3243 et
816 3179 1035 3263 Zumptius.12)
1054 3218 1095 3224 —
1116 3178 1172 3242 sed
1195 3178 1363 3240 videamus

324 3751 408 3805 schol.
427 3751 494 3804 Bob.
515 3751 571 3819 (Or.
586 3752 611 3803 V
631 3754 657 3819 2)
677 3769 701 3820 p.
722 3752 783 3805 253.

322 3841 349 3892 in
368 3840 445 3908 libro,
465 3857 546 3908 quem
563 3841 713 3910 inscripsit:
733 3842 796 3894 ordo
815 3840 976 3894 iudiciorum
994 3857 1019 3907 p.
1039 3839 1092 3891 126
1112 3839 1171 3890 adn.
1193 3839 1235 3890 14.

321 3946 360 3996 pr.
371 3929 442 3984 Non.
453 3929 523 3998 Sept.
535 3946 621 3998 usque
634 3930 667 3983 ad
683 3947 706 3982 a.
721 3931 745 3983 d.
759 3929 824 3983 XII.
837 3929 873 3982 K.
888 3928 945 3982 Oct.
960 3928 1118 3994 celebratos,
1133 3927 1189 3980 oi.
1198 3927 1249 3979 L.I
1267 3927 1360 3994 plor.

324 4018 357 4070 cf.
371 4035 393 4071 e.
408 4036 432 4086 g.
447 4018 536 4088 Lange
554 4019 571 4073 1.
586 4019 603 4072 1.
618 4037 642 4086 p.
656 4019 722 4085 3493
741 4015 994 4085 Kiessling-Schbll
1013 4015 1030 4068 1.
1050 4015 1067 4069 1.
1088 4014 1153 4084 prol.
1168 4033 1192 4083 p.
1207 4015 1268 4068 XV.

323 4106 350 4157 in
370 4107 432 4160 edit.
453 4107 577 4160 orationis
596 4126 621 4176 p.
641 4106 708 4172 2033
729 4107 762 4160 cl.
781 4107 816 4158 ib.
836 4105 901 4172 prol.
922 4122 947 4172 p.
965 4103 1066 4158 LXIX.

324 4211 411 4262 nequo
431 4212 479 4247 cur
496 4195 542 4248 ille
561 4197 722 4249 dubitaverit
741 4179 838 4248 refellit
857 4195 1030 4246 Drumaunus
1049 4193 1088 4246 Vl
1107 4211 1131 4260 p.
1152 4193 1228 4267 62⁵⁹.

1181 4477 1199 4528 4
