3214 5074
732 311 941 371 „52.„

250 508 323 550 oum
347 488 501 551 militibus
526 509 544 550 a
568 486 700 550 Caesare
723 488 842 567 urissis,
874 492 1040 568 postquam
1072 487 1102 546 iu
1132 484 1263 547 hiberna
1290 489 1421 544 ventum

251 600 311 675 est,
344 615 362 657 a
394 601 481 678 patro
514 593 754 676 exspectabatur
787 613 924 674 ouurque
956 611 1012 675 per
1044 593 1176 655 hiemem
1212 611 1252 653 ex
1285 591 1419 652 bostium

250 703 359 784 spoliis
374 721 407 764 se
423 701 573 764 ditantem
594 699 841 780 comitabatur·:¹)
863 705 1053 783 quapropter
1069 704 1222 760 aruumno
1241 697 1305 759 fere
1322 695 1421 760 Roma

249 828 322 872 oum
342 808 516 890 profectum
537 827 605 870 esso
625 807 795 870 verisimile
819 814 866 869 ost
885 813 915 870 et
933 807 1094 888 aliquanto
1119 812 1209 868 antea
1228 805 1284 866 has
1302 804 1420 866 litteras

249 917 389 998 scriptas.
419 916 481 978 huo
506 915 650 996 quadrat,
676 915 760 996 quod
786 914 933 976 Crassum
959 912 1075 989 Cicera
1100 933 1173 975 eum
1197 912 1319 991 salum,
1342 929 1420 973 non-

250 1023 326 1085 dum
350 1023 484 1106 appellat
513 1024 744 1105 imperatorem,
776 1041 869 1103 quem
900 1022 1027 1084 titulum
1057 1021 1110 1083 ille
1140 1023 1277 1083 exeunte
1306 1023 1420 1080 aestate

249 1131 407 1212 accepisse
430 1129 564 1192 videtur.
577 1131 600 1210 “·’)

340 1235 500 1312 Quaenam
517 1256 553 1299 eu
567 1235 670 1300 Crassi
687 1256 781 1299 cansa
793 1237 896 1316 fuerit,
909 1256 1004 1318 quam
1017 1235 1125 1298 Cicero
1137 1237 1170 1296 in
1185 1239 1296 1297 senatu
1315 1233 1419 1296 deien-

249 1343 344 1423 deret‚
355 1345 515 1406 nescimus
529 1363 633 1425 noque
648 1345 716 1406 eius
728 1345 790 1405 nisi
805 1343 946 1406 hocloco
963 1348 1058 1424 atquo
1073 1344 1107 1404 in
1123 1342 1216 1425 opud
1231 1341 1332 1403 fatal.
1342 1342 1419 1420 930

248 1452 366 1515 retentio
389 1451 433 1514 fit.
452 1451 496 1513 ibi
513 1450 647 1514 Lentulo
667 1452 798 1534 exponit
815 1451 938 1513 Tullius
958 1470 991 1512 se
1010 1450 1161 1532 Pompeio
1181 1456 1275 1532 atque
1288 1448 1419 1511 Caesare

248 1557 430 1621 auctoribus
460 1579 533 1620 eum
565 1558 675 1620 Crasso
708 1559 742 1620 in
771 1560 904 1640 gratiam
936 1557 1067 1620 rediisse
1097 1577 1132 1620 ac
1160 1562 1325 1640 propterea
1352 1557 1419 1618 eius

248 1683 376 1727 cansam
405 1664 645 1747 diligentissime
669 1667 859 1748 suscepisse,
886 1665 920 1726 id
950 1664 1034 1746 qued
1056 1664 1212 1727 Lentulus
1235 1682 1270 1726 se
1293 1664 1418 1726 audisse

248 1774 421 1862 scripserat.
452 1773 538 1856 quod
561 1773 648 1853 fecit,
679 1778 846 1856 postquam
873 1773 911 1835 de
929 1757 1055 1834 Vatinio
1080 1793 1097 1834 a
1121 1771 1272 1834 Cicerone
1291 1771 1418 1833 defenso

248 1881 362 1942 certior
377 1880 440 1941 iam
459 1888 505 1942 est
518 1879 621 1942 factus
632 1879 810 1960 (cf.ib.§4);
830 1887 860 1942 ot
876 1900 909 1942 re
923 1899 998 1942 vera
1016 1879 1123 1961 aliquo
1143 1879 1236 1940 rrrodo
1251 1879 1281 1940 in
1293 1876 1419 1940 Lentuli

247 1987 360 2049 litteris
367 1988 533 2049 Vatinium
546 2007 620 2050 cum
627 1986 737 2050 Crasso
750 1989 954 2050 coniunctum
970 1988 1068 2050 fuisse
1083 1993 1211 2070 apparet
1227 2007 1267 2050 ex
1281 1988 1418 2069 opillius

247 2094 265 2172 ξ
283 2097 321 2158 19
336 2096 378 2158 in.
394 2100 425 2157 et
440 2096 512 2174 §20
529 2096 585 2172 iu.;
607 2094 780 2157 ostendisse
799 2096 896 2178 igitur
916 2095 1041 2157 videtur
1059 2096 1139 2158 scire
1159 2114 1192 2156 se
1213 2095 1302 2175 vella
1323 2113 1418 2176 quae-

246 2221 321 2263 nam
341 2221 435 2265 causa
455 2202 578 2282 luisset,
603 2222 660 2264 our
679 2201 786 2265 Cicero
810 2222 883 2264 cum
901 2201 1029 2264 Vatinio
1053 2207 1084 2265 et
1103 2201 1213 2264 Crasso
1237 2222 1302 2264 non
1325 2202 1417 2264 modo

246 2313 369 2390 praeter
386 2309 527 2370 omuimn
545 2310 726 2391 opinionem
742 2310 775 2370 in
791 2310 925 2392 gratiam
941 2308 1095 2389 rediisset,
1115 2309 1170 2371 sod
1188 2311 1282 2371 etiam
1296 2315 1418 2372 utrum·
1465 2367 1468 2374 .

247 2435 310 2498 que
334 2416 532 2479 defendisset.
558 2418 671 2499 quodsi
696 2419 851 2480 sumimus
874 2437 939 2479 non
963 2417 1090 2500 longius
1114 2419 1263 2500 temporis
1283 2419 1418 2500 spatium

246 2521 418 2586 Lentulum
442 2525 647 2607 epistularum
667 2527 891 2588 commercium
911 2526 1151 2608 inte1·rupisse,3)
1176 2545 1249 2587 oum
1268 2525 1418 2588 Vatinius

246 2635 383 2692 exeunte
405 2651 514 2694 mense
533 2631 646 2695 Sextili
670 2632 923 2712 absolveretur,⁴)
948 2633 1059 2695 eodem
1082 2633 1146 2695 fere
1171 2634 1343 2716 temporo⁵)
1363 2653 1417 2716 pro

246 2735 357 2799 Crasso
382 2737 563 2801 Ciceronem
588 2740 708 2802 dixisse
737 2738 879 2802 arbitror.
912 2760 975 2821 qua
999 2748 1104 2803 tamen
1128 2742 1292 2803 occasione
1316 2741 1418 2803 oblata

246 2845 393 2907 consules
411 2847 445 2906 in
465 2843 614 2908 Crassum
632 2848 750 2908 invecti
770 2848 845 2928 sint,
869 2847 1052 2928 investigari
1071 2849 1127 2910 xix
1145 2847 1296 2930 potenti)

610 3024 1056 3114 QQOfflL

245 3148 508 3212 Schuetzius:
544 3170 600 3213 scr.
625 3151 739 3233 partim
769 3153 801 3214 in
825 3154 985 3236 Arpinati,
1014 3156 1128 3236 partim
1159 3152 1278 3217 Romae
1309 3175 1417 3218 meuse

242 3738 348 3805 scribit,
368 3742 399 3791 ut
417 3755 510 3792 omnes
529 3740 625 3808 agendi
644 3741 766 3792 ostendat
785 3741 909 3794 rationes,

350 3828 360 3897 )
380 3829 414 3882 of.
433 3846 459 3896 p.
478 3828 521 3882 49.

332 3917 359 3986 5)
380 3918 414 3972 of.
433 3935 473 3986 ep.
494 3919 534 3972 ad.
555 3918 606 3983 Qu.
626 3920 657 3974 tr.
676 3919 711 3973 Π.
734 3920 777 3987 15,
798 3921 822 3974 1.

331 4006 358 4074 6)
377 4007 407 4061 L.
421 4007 511 4077 Lange
526 4009 590 4077 (111²
603 4027 627 4077 p.
640 4009 694 4081 354
704 4009 754 4078 sq.)
769 4010 801 4062 de
815 4027 846 4062 ea
859 4027 887 4063 re
905 4012 934 4063 in
952 4015 1047 4065 senatu
1066 4015 1156 4065 aetum
1176 4013 1328 4081 arbitratus
1343 4017 1416 4082 post-

242 4111 323 4163 quam
340 4096 482 4174 Cabinium
500 4098 618 4168 legatum
638 4099 761 4152 aCrasso
781 4115 963 4153 successorem
977 4103 1028 4154 sibi
1046 4103 1159 4154 missum
1178 4102 1302 4155 reiecisse
1315 4102 1417 4157 Romae

241 4184 401 4239 innotuisset
415 4186 459 4256 (ef.
476 4186 503 4241 C.
517 4188 567 4240 Dio
587 4188 630 4254 39,
650 4187 708 4255 60),
730 4188 871 4254 epistulam
891 4190 1027 4257 aliquanto
1046 4193 1107 4243 ante
1126 4192 1252 4258 scriptam
1272 4195 1350 4260 putet
1369 4211 1416 4246 ne-

242 4290 316 4327 eesse
334 4277 387 4343 est,
407 4293 469 4328 oum
489 4280 603 4329 exeunte
623 4277 731 4329 demum
756 4293 819 4329 vere
842 4277 962 4346 legatum
981 4296 996 4332 a
1015 4279 1110 4333 Crasso
1129 4281 1156 4332 in
1176 4280 1281 4348 Syriam
1301 4283 1417 4335 missurn

243 4378 301 4416 esse
321 4364 368 4416 rix
387 4364 515 4418 credibile
534 4365 577 4418 sit.
