3214 5074
595 378 621 420 ,-
741 347 1024 420 -ιι--ιν

255 553 323 597 esse
343 538 414 596 aute
438 553 484 617 ep.
505 534 569 615 ob,
595 534 649 597 ubi
674 534 712 597 de
736 535 844 598 eadem
865 555 961 598 eausa
981 535 1043 596 iam
1064 533 1168 596 denuo
1188 534 1268 597 bene
1292 527 1431 616 speraret

257 640 379 705 Cicero:
403 642 457 703 oui
481 643 628 703 assentiri
652 660 716 704 non
741 660 879 724 possum.
904 642 1042 724 primum
1066 641 1151 704 enim
1174 640 1207 702 id
1226 640 1432 722 spectandum

256 749 397 812 videtur:
432 749 585 811 traditum
616 749 758 812 ordinem
792 751 820 812 si
850 750 950 833 possit
980 749 1100 812 servari
1132 767 1201 812 esse
1230 748 1430 812 servandum.

253 855 318 917 shuo
342 855 476 934 aooedit,
501 855 587 938 quod
608 856 679 918 talis
699 855 872 918 consolatio
891 856 952 939 ipsi
972 856 1127 938 epistulae
1145 855 1432 938 promulgationem

257 962 343 1024 illam
371 963 513 1026 narranti
541 963 603 1025 fuit
632 963 785 1026 addenda.
814 968 975 1046 praeterea
1004 962 1090 1046 quod
1119 963 1229 1026 attinet
1257 963 1296 1026 ad
1325 982 1432 1026 rerum

255 1069 304 1131 his
334 1069 448 1133 diebus
476 1077 635 1152 gestarum
664 1070 821 1150 ordinem,
850 1090 890 1134 ex
914 1089 960 1152 ep.
988 1071 1028 1132 od
1048 1067 1106 1144 Ωιι.
1130 1070 1166 1142 fr.
1190 1069 1230 1132 ll.
1255 1073 1274 1134 3
1305 1077 1433 1153 apparet

256 1197 352 1258 quam
375 1197 463 1240 nune
487 1177 622 1240 dicimus
651 1197 697 1261 ep.
723 1177 771 1240 ad.
794 1179 865 1240 fam.
885 1177 909 1240 Ι.
930 1180 975 1240 ba
1005 1179 1109 1260 excipi
1133 1177 1171 1240 ab
1195 1197 1241 1260 ep.
1267 1177 1329 1257 ab,
1360 1197 1433 1240 oum

257 1285 340 1346 inter
365 1283 491 1347 Catonis
514 1285 600 1348 illaru
627 1285 911 1368 promulgationem
935 1292 965 1348 et
988 1285 1119 1368 Pompei
1142 1304 1198 1367 pro
1222 1283 1340 1348 Milone
1364 1305 1432 1348 ora-

256 1393 375 1454 tionem
398 1391 443 1454 ibi
468 1411 597 1474 quoque
620 1392 665 1454 uil
694 1393 822 1455 maioris
852 1394 1004 1456 momenti
1026 1398 1180 1472 narretur,
1210 1398 1246 1455 ut
1269 1393 1327 1456 hae
1352 1393 1433 1455 duae

258 1499 410 1582 epistulae
433 1506 550 1563 temere
573 1519 637 1562 non
662 1499 856 1563 dirimendae
880 1519 947 1563 esse
970 1500 1146 1563 videantur.

333 1676 396 1758 Ep.
417 1676 460 1741 ad
485 1677 569 1742 fam.
590 1677 706 1754 Lelex
729 1675 771 1740 M.
792 1675 900 1740 Cicero
925 1676 953 1742 S.
974 1675 1010 1740 D.
1030 1677 1064 1740 P.
1084 1676 1218 1740 Lentulo
1242 1675 1366 1740 Prooos.

258 1818 516 1882 Schuetzius:
542 1840 599 1883 ser.
620 1840 645 1883 a.
666 1840 696 1882 u.
716 1839 741 1884 o.
762 1822 826 1884 697
850 1838 958 1882 mense
982 1819 1070 1884 Febr.

247 1924 414 2010 ¹Grnber
441 1934 565 2011 tempus
588 1946 653 1990 non
677 1927 829 1990 definivit.

257 2034 411 2097 Baiter:
443 2055 499 2099 sor.
520 2033 638 2098 Romae
661 2053 770 2099 mense
793 2035 964 2099 Februario
989 2056 1014 2098 a.
1035 2056 1064 2098 u.
1085 2055 1109 2100 e.
1131 2037 1203 2098 698,

258 2135 566 2225 Wesenbergius:
587 2162 644 2206 sor.
656 2141 774 2206 Romae
792 2161 899 2206 mense
909 2142 997 2206 Febr.
1009 2142 1154 2226 (postVl.
1162 2141 1319 2224 Idus)a.u.
1327 2143 1432 2206 oona

215 2248 216 2252 ’
246 2229 249 2236 ’
348 2246 446 2323 Quasi
477 2250 556 2313 duee
584 2269 690 2314 rerum
720 2251 811 2313 initio
841 2252 959 2313 mensis
988 2249 1077 2313 Febr.
1097 2256 1257 2332 gestarum
1287 2251 1333 2312 uti
1361 2251 1433 2312 lieet

150 2443 154 2452 ¹
260 2374 305 2438 ep.
325 2355 365 2418 ad
385 2353 443 2430 Ωιι.
462 2357 497 2421 fr.
517 2356 558 2419 Π.
574 2359 610 2420 3;
635 2358 687 2419 hie
714 2357 788 2420 inde
812 2377 830 2424 a
854 2357 872 2437 ξ
898 2359 917 2419 2
942 2376 993 2419 res
1017 2362 1204 2419 enarrantur
1226 2357 1280 2419 illa
1305 2376 1433 2439 quoque

265 2463 401 2545 epistula
423 2464 562 2526 traditae¹
592 2463 678 2546 quod
702 2483 776 2526 vero
786 2466 806 2544 1)
831 2464 897 2526 eod.
924 2461 1085 2526 Medieeus
1108 2463 1237 2544 praebet
1259 2483 1285 2526 a.
1310 2463 1338 2527 d.
1358 2463 1432 2528 IIII.

262 2568 344 2651 ld‚‚‘-')
368 2571 395 2633 is
420 2570 589 2642 diesreote
608 2573 638 2633 in
661 2591 687 2635 a,
708 2571 736 2634 d.
757 2569 844 2634 VIII.
863 2569 911 2633 Id.
931 2590 949 2632 a
967 2561 1110 2633 Manutio
1134 2576 1292 2634 oorreotus
1317 2577 1363 2634 est
1386 2589 1433 2654 ep.

259 2677 298 2739 ad
319 2676 390 2740 fam.
410 2677 434 2738 I.
455 2677 502 2739 ob
527 2678 557 2758 (ᾖ
581 2677 610 2761 1)
630 2679 754 2760 collata,
778 2678 834 2741 ubi
857 2683 906 2759 „at
925 2678 1082 2760 oetavo“³)
1102 2677 1253 2748 traditum
1272 2684 1333 2756 est3
1357 2698 1432 2741 nam

261 2783 300 2846 de
319 2785 429 2848 eadem
454 2805 488 2848 re
508 2791 642 2869 utroque
667 2786 735 2848 loeo
754 2789 804 2869 agi
826 2788 1036 2850 certissimum
1061 2792 1119 2866 est,
1144 2805 1217 2848 oum
1240 2784 1349 2849 eadem
1368 2785 1433 2848 fere

260 2891 356 2954 verba
380 2891 695 2976 deprehendantur)
729 2912 810 2976 quae
833 2913 907 2956 eum
930 2895 974 2956 ita
998 2899 1114 2975 essent,
1138 2901 1214 2956 sane
1236 2912 1349 2976 parum
1373 2891 1433 2954 sibi

260 3001 398 3062 constitit
416 2999 531 3082 Baiter,
556 3021 628 3064 oum
648 3002 712 3064 illio
736 3022 761 3066 a.
782 3002 810 3066 d.
831 3000 919 3064 VIII.
943 3001 1115 3085 legendum
1139 3006 1293 3081 censeret,
1316 3001 1367 3062 hio
1391 3001 1434 3080 (in

260 3125 306 3189 ep.
332 3105 371 3169 ad
396 3105 454 3182 Ωιι.
473 3109 520 3186 fr.)
545 3128 570 3170 a,
591 3108 619 3170 d.
639 3108 711 3172 VII.
737 3147 778 3154 -
804 3109 888 3191 quod
913 3110 940 3171 si
964 3128 1076 3172 verum
1099 3112 1158 3189 est,
1181 3109 1215 3170 in
1239 3126 1285 3190 ep.
1310 3106 1349 3170 ad
1374 3104 1433 3181 Ωιι.

259 3213 295 3278 fr.
319 3213 361 3278 II.
385 3216 404 3277 3
425 3215 458 3298 (ξ
478 3214 511 3298 3)
534 3234 688 3278 uumerus
712 3215 829 3279 codicis
853 3213 893 3280 M.
917 3214 965 3277 VI
989 3217 1020 3277 in
1040 3213 1122 3278 VIII
1144 3213 1349 3297 corrigendus
1379 3219 1434 3294 est,

261 3339 334 3382 oum
358 3320 429 3383 luee
452 3322 567 3384 elarius
585 3322 731 3384 videatur
754 3341 836 3385 esse:
863 3328 1085 3404 argumentum
1108 3321 1194 3384 illius
1214 3326 1341 3384 senatus
1360 3339 1434 3383 oon-

260 3427 335 3490 sulti
357 3447 422 3490 non
444 3429 543 3492 fuisse
573 3434 719 3492 senatum
743 3429 784 3492 ad
808 3430 966 3512 Apollinis
989 3429 1143 3512 templum
1152 3427 1186 3512 ,5)
1211 3427 1266 3491 sed
1289 3428 1434 3512 turpissi-

260 3555 328 3598 mas
347 3534 417 3598 illas
435 3555 486 3599 res
505 3539 550 3617 (in
569 3537 587 3617 ξ
607 3539 628 3600 2
647 3535 809 3619 narratas),
833 3541 868 3599 ut
887 3537 1041 3618 diximus
1065 3557 1091 3599 a.
1108 3537 1137 3599 d.
1154 3535 1242 3598 VIII.
1261 3535 1308 3599 Id.
1328 3537 1434 3616 laetas,

261 3648 370 3705 eontra
393 3663 459 3706 rem
483 3644 642 3726 publicam
673 3663 740 3707 esse
763 3643 878 3721 faotas3
911 3650 941 3706 et
970 3664 1041 3707 oum
1056 3662 1116 3710 res
1139 3645 1173 3704 in
1196 3648 1357 3726 posterum
1382 3645 1433 3723 (se.

351 3876 377 3946 1)
397 3876 431 3928 ad
451 3873 501 3941 Ωιι.
521 3876 552 3929 fr.
571 3875 607 3928 II.
626 3875 652 3943 3,
671 3877 695 3928 2.

350 3965 377 4036 2)
399 3965 494 4033 Orelli,
513 3981 536 4020 a.
557 3965 581 4018 d.
601 3965 662 4018 VII.
682 3963 722 4018 Id.
742 3963 878 4028 Wesenb.,
898 3962 931 4015 ef.
948 3980 973 4030 p.
989 3961 1022 4016 18
1041 3963 1101 4017 ado.
1116 3963 1140 4016 1.

350 4056 377 4126 3)
396 4055 504 4110 Baitero
524 4057 638 4108 auctore.
674 4099 675 4103 ,

350 4147 378 4216 4)
399 4147 433 4199 ad
451 4147 514 4200 lam.
527 4145 548 4198 I.
563 4145 609 4214 ob,
631 4146 661 4198 1:
688 4145 804 4198 elamore
823 4143 995 4211 oouvioioquo
1014 4143 1127 4202 iactatus
1146 4144 1187 4195 est
1205 4142 1253 4211 (so.
1267 4141 1435 4212 Pompeius);

263 4237 295 4289 ad
311 4235 361 4301 Ωιι.
380 4235 461 4290 l1·.II.
481 4234 506 4302 3,
527 4237 557 4288 2;
577 4250 672 4303 operae
686 4234 827 4288 Clodianae
846 4233 989 4288 clamorem
1009 4232 1195 4286 sustulerunt.
1216 4275 1221 4286 .
1242 4275 1248 4286 .
1266 4234 1297 4284 ut
1316 4231 1435 4286 convicio

263 4327 289 4378 et
307 4325 456 4379 maledictis
474 4324 655 4392 impediretur.

351 4416 378 4485 5)
399 4415 437 4467 sie
456 4413 554 4466 Baiter.
