3214 5074
737 321 945 382 ...11-

342 492 405 574 Ep.-
429 491 474 557 ad
498 491 584 558 fam.
608 493 639 558 1.
664 493 702 558 2:
733 493 783 557 M..
801 493 909 557 Cicero
940 494 969 558 S.
998 493 1034 557 D.
1060 495 1094 558 P.
1123 494 1257 560 Lentulo
1282 496 1425 589 Procos.:

502 602 619 684 scripta
642 622 667 664 a.
688 601 825 664 d.XVI.
850 601 888 666 K.
909 600 998 666 Febr.
1023 604 1053 684 (ξ
1073 606 1094 666 4
1117 602 1200 686 1111

342 742 390 806 Βθ
414 744 559 827 epistulis
582 744 790 826 sequentibus
814 747 833 808 3
859 749 889 808 et
913 748 933 808 4
957 764 1021 808 rina
1045 745 1242 829 disputemus
1266 753 1394 830 oportet.

342 922 406 1004 Ep.
427 921 472 987 ud
496 920 581 986 fam.
606 922 636 988 Ι.
661 921 699 986 3:
737 921 777 986 M.
803 921 912 986 Cicero
936 924 965 986 S.
986 921 1022 986 D.
1043 923 1077 986 P.
1097 922 1231 988 Lentulo
1255 925 1381 989 Procos.

342 1065 412 1130 Hae
436 1067 556 1130 litterae
580 1066 859 1130 commendaticiae
881 1086 937 1150 pro
956 1067 994 1131 A.
1014 1063 1168 1132 Trebonio
1192 1068 1233 1131 ad
1257 1068 1290 1132 P.
1310 1067 1428 1132 Lentu-

252 1175 321 1238 lum
344 1173 542 1256 Spintherem
573 1174 676 1254 datae,
704 1173 847 1238 Ciliciam
871 1179 902 1238 et
926 1173 1067 1258 Cyprum
1095 1175 1169 1238 inde
1192 1175 1232 1238 ab
1256 1195 1347 1240 auno·
1363 1179 1427 1240 698

254 1279 568 1362 administrantem,¹)
589 1300 709 1354 ansam
739 1283 918 1344 accuratius
948 1281 1119 1344 definiendi
1143 1283 1293 1365 temporis
1316 1303 1372 1366 per
1395 1303 1429 1347 se

255 1389 385 1472 quidem
408 1407 473 1450 non
496 1387 739 1468 exhibent,sed
762 1390 844 1452 inter
867 1409 912 1472 ep.
933 1395 1033 1452 certas
1052 1392 1086 1452 in
1108 1391 1331 1474 manuscriptis
1355 1397 1430 1454 sunt

254 1497 394 1560 traditae.
419 1501 449 1558 et
473 1500 520 1559 est
543 1516 618 1558 sane
641 1497 813 1583 verisimile
837 1494 1020 1559 Ciceronem
1045 1496 1130 1559 baud
1154 1499 1198 1559 ita
1220 1497 1321 1561 multo
1344 1503 1428 1581 post-

255 1624 349 1686 quam
373 1604 407 1665 in
429 1604 625 1686 prouinciam
649 1589 735 1666 venit
758 1602 892 1666 Lentulo
916 1604 1055 1666 amioum
1079 1605 1323 1668 commendasse.
1354 1625 1426 1668 cum

254 1731 329 1774 vero
353 1712 476 1774 litterae
499 1711 778 1796 commendaticiae
801 1711 882 1774 libro
907 1711 990 1774 XIII
1006 1732 1051 1795 ep.
1063 1711 1102 1774 ad
1117 1712 1189 1774 fam.
1208 1713 1430 1776 contineantur

255 1838 359 1901 neque
378 1819 506 1881 omnino
531 1817 681 1882 credibile
700 1820 741 1881 sit
760 1817 942 1882 Ciceronem
962 1819 1128 1902 epistulam
1153 1824 1217 1882 tam
1241 1820 1336 1883 vilem
1359 1825 1429 1882 tum

254 1927 288 1988 in
312 1925 454 1988 Ciliciam
476 1927 612 2006 misisse,
635 1926 711 1989 haec
735 1945 781 2009 ep.
804 1927 902 2009 prlori
926 1926 1075 1990 adiuncta
1096 1926 1195 1990 fuisse
1218 1928 1353 1990 videtur.

343 2033 413 2096 Iam
436 2037 607 2096 tractemus
766 2035 771 2044 ’

328 2211 391 2294 Ep.
410 2211 455 2277 nd
479 2211 564 2280 fam.
588 2212 620 2278 Ι.
644 2213 682 2278 4:
712 2213 754 2278 M.
779 2213 887 2278 Cicero
911 2214 941 2277 S.
961 2213 998 2277 D.
1019 2215 1052 2277 P.
1073 2213 1207 2278 Lentulo
1231 2214 1356 2278 Prooos.

259 2355 519 2420 Schuetzius:
545 2376 602 2420 scr.
627 2356 746 2420 Romae
770 2378 814 2420 ca.
839 2379 865 2420 a.
890 2359 918 2421 d.
942 2355 1032 2421 XIV.
1056 2357 1125 2421 Kal.
1151 2357 1238 2421 Febr.

261 2461 427 2546 Gruber:
453 2463 526 2528 XV.
551 2463 620 2526 Kal.
646 2463 733 2528 Febr.

259 2569 411 2634 Baiter:
437 2591 495 2634 scr.
519 2570 638 2635 Romae
661 2592 770 2636 mense
792 2573 858 2636 Ian.
878 2594 903 2635 a.
924 2593 954 2638 u.
975 2592 999 2637 c.
1021 2574 1093 2636 698.

258 2675 565 2762 Wesenbergius:
587 2679 774 2743 schomae
793 2677 1429 2746 menseIanXV.Kal.Febr.a.u.c.698.

347 2785 471 2849 Cruber
494 2805 632 2868 eumque
656 2793 785 2852 secutus
808 2787 1068 2870 Wesenbergius,
1092 2788 1125 2850 ni
1149 2787 1248 2867 fallor,
1273 2786 1358 2868 quod
1383 2806 1428 2868 ep.

257 2892 298 2954 ad
316 2891 388 2954 fam.
408 2893 432 2957 I.
452 2897 472 2956 2
492 2915 518 2956 a.
539 2894 566 2958 d.
586 2893 676 2958 XVI.
696 2893 765 2959 Kal.
781 2894 870 2959 Ilebr.
891 2897 1006 2979 scripta
1024 2901 1084 2977 est,
1107 2895 1203 2976 hanc,
1223 2914 1259 2957 eo
1279 2893 1329 2956 die
1349 2912 1430 2976 quae

257 3003 344 3083 gesta
360 3001 423 3062 sint
436 3002 657 3083 continentem,
669 3003 850 3085 insequenti
867 3003 918 3067 dle
935 3003 1040 3066 datam
1056 3001 1260 3065 arbitrantur:
1282 3001 1429 3083 equidem

258 3126 321 3169 non
349 3108 455 3188 video,
489 3128 547 3171 cur
579 3129 652 3172 cum
684 3111 878 3193 permultum
911 3109 1038 3174 Lentuli
1066 3111 1243 3189 interesset,
1274 3114 1429 3190 utquam

259 3216 419 3279 celerrime
443 3216 481 3280 de
505 3218 563 3297 eie,
588 3236 669 3299 quae
687 3218 723 3280 in
741 3223 853 3280 senatu
872 3221 941 3280 aeta
965 3222 1081 3298 essent,
1110 3218 1224 3280 certior
1246 3215 1347 3296 fieret,
1371 3214 1431 3276 hoc

260 3324 327 3404 ipso
351 3321 401 3385 die
421 3324 587 3405 epistulam
607 3326 755 3408 scriptam
774 3343 839 3388 non
862 3331 1019 3408 putemus.
1044 3325 1107 3388 huc
1126 3323 1259 3404 accedit,
1284 3322 1370 3405 quod
1390 3341 1431 3384 ex

259 3430 316 3506 eia,
346 3450 428 3512 quae
452 3431 470 3511 ξ
498 3435 512 3492 1
540 3430 645 3514 (extr.)
668 3433 819 3515 leguntur
842 3436 999 3514 („senatus
1030 3431 1139 3510 haberi
1172 3437 1243 3494 ante
1271 3427 1431 3504 Kalendas

137 3577 139 3580 >
259 3535 445 3604 Februarias
468 3558 524 3621 per
546 3540 648 3623 legem
672 3539 832 3623 Pupiam.
862 3591 868 3602 .
898 3560 988 3602 ,non
1010 3539 1161 3622 poresr‘),
1186 3537 1298 3601 collata
1322 3556 1367 3619 ep.
1392 3536 1431 3598 ad

260 3642 318 3719 Qu.
341 3645 377 3708 fr.
401 3645 442 3708 II.
467 3650 486 3709 2
512 3648 542 3728 (ξ
566 3650 602 3711 3:
638 3649 818 3729 „consecuti
850 3653 925 3711 sunt
958 3648 1024 3710 dies
1048 3647 1233 3726 comitialeS,
1266 3664 1322 3728 per
1352 3663 1432 3726 quos

259 3759 387 3816 senatus
411 3753 518 3817 baberi
546 3775 611 3817 non
639 3757 787 3839 poterat‘,
815 3775 856 3818 sc.
881 3753 954 3818 XV.
979 3760 1010 3818 et
1032 3753 1121 3822 XIV.
1147 3751 1215 3816 Kal.
1240 3751 1342 3832 Febr,
1367 3768 1438 3846 quo}

260 3860 310 3924 die
334 3880 379 3943 ep.
403 3861 458 3924 illa
481 3863 597 3946 scripta
615 3862 674 3945 est)
693 3865 799 3926 nescio
824 3884 864 3926 an
887 3863 942 3926 fiat
964 3862 1127 3946 probabile
1146 3863 1201 3925 has
1221 3862 1340 3923 litteras
1360 3865 1431 3921 ante

194 4029 197 4036 .
247 3968 326 4032 dies
350 3970 522 4032 comitiales
546 3970 634 4034 datas
658 3990 739 4052 esse,
762 3973 781 4034 i.
806 3991 830 4034 e.
855 3969 944 4033 XVI.
969 3969 1038 4032 Kal.
1062 3969 1151 4034 Febr.
1499 3963 1501 3969 ’

347 4075 455 4140 Habes
484 4079 582 4161 igitur
612 4081 762 4162 epistulas
790 4082 824 4159 2,
849 4081 883 4160 3,
906 4082 927 4142 4
957 4078 997 4140 ad
1025 4077 1198 4142 Lentulum
1227 4078 1261 4139 iu
1291 4074 1430 4138 Ciliciam

259 4183 378 4246 missas.
396 4205 460 4246 uno
484 4185 658 4268 eodemque
678 4187 728 4248 die
748 4187 894 4269 scriptas,
920 4205 1018 4268 quare
1041 4186 1098 4250 vix
1122 4184 1277 4262 dubitem,
1301 4183 1380 4270 quin
1398 4181 1432 4247 iu

349 4379 376 4449 1)
395 4381 544 4436 Burmann.
564 4383 634 4452 Hp.
654 4382 714 4438 541.
