3214 5074
682 297 892 357 -57-

288 469 423 533 Litteras
439 473 520 534 inter
533 492 558 535 a.
569 471 597 532 d.
606 470 664 533 IX.
674 469 710 534 K.
719 471 749 534 N
751 491 798 536 or.
808 473 840 556 (ξ
850 473 883 555 5)
892 477 923 535 et
937 493 962 536 a.
974 473 1002 535 dl
1011 471 1084 534 IIII.
1091 475 1111 554 ¹)
1122 473 1290 537 NonNoV.
1299 475 1331 556 (ξ
1342 479 1372 554 4)

201 577 289 639 datas
313 597 380 640 esse
404 584 546 662 apparet,
571 579 626 642 sed
651 581 814 662 quaeritur
837 600 913 642 num
934 586 1059 663 tempus
1078 583 1257 645 accuratius
1275 583 1374 664 possit

201 685 333 748 definiri.
357 687 420 748 iam
444 685 625 769 muheres)
650 707 723 750 cum
747 688 856 752 eadem
874 688 938 752 fere
961 690 992 750 in
1019 709 1064 772 ep.
1085 689 1124 751 ad
1145 687 1202 764 Qu.
1221 689 1257 750 fr.
1278 687 1335 751 111,
1353 692 1373 752 4

200 797 326 855 narrata
358 802 477 876 essent,
510 799 645 876 utraque
678 796 813 878 epistula
850 796 981 860 fortasse
1019 796 1129 858 eodem
1163 796 1213 860 die
1246 803 1374 860 exarata

200 899 378 979 videbatur3
410 921 514 984 neque
540 901 652 974 habeo,
679 903 764 985 quod
788 903 877 966 aliter
901 905 1040 966 sentiam.
1066 923 1138 966 eum
1163 922 1238 966 vero
1264 901 1372 965 Cicero

200 1005 375 1070 litterarum
395 1013 426 1071 et
444 1009 621 1072 studiorum
642 1011 833 1072 mentionem
852 1011 947 1074 faeiat
966 1013 998 1094 (ξ
1014 1013 1047 1086 23
1073 1010 1110 1072 ct.
1131 1010 1170 1072 ad
1191 1009 1248 1084 ou,
1262 1010 1297 1073 fr.
1315 1009 1372 1072 III.

202 1117 221 1176 5
241 1121 271 1177 et
284 1117 303 1177 6
318 1117 335 1195 ξ
349 1118 378 1194 1)
390 1136 426 1178 ac
447 1116 599 1180 dermurm
619 1137 795 1198 rarumque
813 1118 972 1200 praedicet
992 1118 1237 1196 delectationem,
1257 1119 1374 1200 epistu-

201 1221 262 1284 lam
282 1224 315 1284 in
329 1223 507 1286 Tusculano
527 1225 674 1306 scriptam
693 1224 836 1306 arbitror,
856 1226 882 1288 si
900 1245 965 1288 non
985 1247 1010 1287 a.
1028 1225 1055 1288 d.
1071 1224 1128 1288 IX.
1139 1223 1177 1286 K.
1194 1246 1211 1286 a
1242 1224 1374 1297 fortasse

202 1349 228 1392 a.
254 1329 281 1392 d.
306 1329 395 1392 VIII.
420 1329 457 1394 K.
483 1329 596 1413 Nove)

512 1527 575 1610 up.
596 1527 640 1592 au
665 1531 727 1618 eu.
753 1529 800 1594 fr.
824 1529 897 1594 111.
923 1530 943 1594 5
968 1530 1005 1594 et
1028 1529 1061 1593 o.

202 1669 460 1734 Schuetxius:
486 1692 542 1734 scr.
563 1673 596 1734 in
614 1671 792 1735 Tusculano
812 1679 948 1736 exeunte
967 1691 1074 1734 mense
1093 1671 1252 1735 Novan.
1264 1691 1288 1735 o.
1300 1672 1374 1734 699.

204 1776 375 1841 Gruber:
402 1799 450 1842 ex.
476 1779 541 1843 Oct.

202 1885 304 1948 Hoff
309 1907 343 1948 a:
368 1886 478 1949 scrin
503 1887 682 1951 Tusculano
706 1892 844 1950 exeunte
868 1907 975 1950 mense
998 1887 1077 1950 Nov.
1098 1909 1124 1948 a.
1145 1907 1174 1950 u.
1195 1907 1219 1950 c.
1242 1887 1313 1950 700.

203 1992 356 2056 Baiter:
382 2014 440 2057 scr.
465 1996 497 2056 in
521 1995 699 2058 Tusculano
723 2015 831 2058 mense
854 1993 1028 2058 Novembri
1052 2017 1077 2056 a.
1098 2015 1128 2056 u.
1149 2013 1173 2058 c.
1196 1995 1268 2057 700.

203 2099 539 2184 Wesenberqus:
575 2123 632 2165 scr.
656 2103 690 2164 in
713 2102 891 2165 Tusculano
921 2110 1058 2166 exeunte
1086 2122 1195 2164 mense
1224 2100 1290 2164 Oct.
1320 2109 1376 2164 aut

362 2209 492 2272 ineunte
516 2208 595 2272 Nor.
620 2231 645 2272 a.
665 2230 695 2272 u.
716 2229 741 2272 c.
763 2212 835 2274 700.

292 2369 349 2452 Ep.
371 2372 404 2450 6,
436 2391 518 2452 quae
542 2372 617 2434 olim
641 2391 681 2434 ex
708 2371 904 2453 paragrapho
934 2371 1098 2454 septimae)
1127 2371 1291 2452 (quattuor
1314 2376 1376 2433 tra·

204 2477 331 2559 goedias
352 2515 406 2558 -,
431 2478 527 2541 habes
551 2479 590 2541 ad
615 2479 694 2542 duas
718 2478 867 2562 epistulas
882 2481 1064 2561 proximas)
1089 2477 1263 2557 constabat,
1293 2484 1376 2540 reete

205 2605 224 2645 a
242 2584 409 2648 Sobrietate
429 2587 584 2668 superiori
604 2607 671 2650 esse
693 2587 830 2650 additam
851 2607 922 2648 oum
943 2585 1095 2648 brevitate
1114 2585 1290 2648 ostenditur
1308 2592 1374 2647 tum

205 2691 308 2754 verbis
333 2695 498 2756 extremis:
523 2693 620 2757 habes
643 2694 683 2757 ad
708 2694 813 2757 duas
838 2694 988 2778 epistulas
1011 2695 1180 2776 proximas.
1201 2731 1241 2738 -
1267 2713 1376 2756 ansam

294 2925 319 2993 1)
339 2925 383 2978 hie
402 2943 483 2979 verus
503 2927 559 2979 dies
578 2943 636 2980 esse
656 2926 763 2979 videtur
782 2929 863 2994 atque
881 2926 908 2978 in
928 2943 968 2994 ep.
989 2927 1022 2978 ad
1042 2925 1092 2990 Qu.
1106 2925 1136 2979 ir.
1154 2925 1203 2977 111.
1217 2925 1242 2991 4,
1262 2925 1278 2976 6
1298 2925 1376 2976 resti-

206 3014 334 3080 tuendus3
354 3015 458 3070 facilius
477 3016 547 3069 enim
567 3016 610 3070 voi
628 3017 656 3069 in
669 3017 725 3070 IHI
737 3033 848 3070 nurnero
867 3033 920 3069 rma
938 3015 1057 3070 litterula
1076 3015 1162 3083 potuit
1181 3014 1267 3068 omitti
1287 3013 1330 3066 vel
1349 3013 1376 3064 in

206 3119 317 3156 numero
335 3105 374 3156 IV
393 3123 454 3173 pars
472 3106 581 3160 interior
599 3123 759 3160 evanescere
780 3107 823 3177 (et.
838 3125 862 3175 p.
878 3107 912 3160 18
931 3107 990 3160 adn.
1013 3109 1040 3159 l:
1061 3106 1117 3158 dies
1135 3104 1182 3158 illo
1201 3105 1247 3156 Th.
1263 3103 1377 3155 Momm-

208 3208 270 3246 seno
290 3211 394 3262 quoque
413 3196 539 3263 probatur
557 3197 585 3248 in
603 3197 670 3250 actis
689 3196 843 3264 triumphat.
864 3197 983 3264 Capitol„
1004 3197 1031 3249 C.
1045 3197 1066 3249 I.
1080 3196 1137 3248 L.I
1157 3213 1181 3262 p.
1198 3193 1270 3256 460).

295 3282 364 3336 Mira
382 3288 423 3338 est
440 3287 571 3340 sententia
589 3287 738 3338 Ilrnmanni
753 3285 802 3354 (VI
814 3304 839 3354 p.
854 3286 915 3354 69³)
935 3286 963 3337 in
981 3285 1127 3354 posteriore
1146 3283 1260 3352 epistula
1274 3282 1378 3336 Cicero-

206 3388 267 3424 nem
287 3375 477 3428 accuratiorem
497 3375 550 3428 diei
568 3375 689 3429 notItiam
708 3376 834 3428 habuisse
853 3375 981 3444 putantis,

296 3463 323 3533 2)
343 3481 367 3531 p.
387 3465 404 3516 9
424 3465 457 3517 ad
476 3481 516 3532 ep.
537 3466 589 3518 149
608 3466 671 3534 fgm.
692 3484 713 3518 c.

295 3553 321 3621 3)
342 3571 388 3622 pro
398 3555 431 3606 V.
445 3555 484 3608 Id.
499 3555 572 3608 Sext.
588 3555 665 3624 (tin),
686 3571 738 3623 quo
752 3556 794 3608 die
807 3557 912 3623 Epheso
932 3555 1068 3622 proximae
1082 3554 1163 3606 Attici
1181 3552 1286 3605 litterae
1306 3553 1380 3604 erant

206 3643 293 3711 datae,
314 3644 402 3697 nescio
421 3661 455 3696 an
479 3645 623 3713 legendum
642 3644 677 3698 sit
693 3645 718 3695 V
736 3645 776 3698 Id.
796 3645 881 3712 Sept.;
901 3644 1008 3696 videtur
1028 3645 1098 3696 enim
1117 3643 1145 3694 in
1164 3641 1196 3694 iis
1210 3641 1317 3693 Atticus
1331 3640 1379 3693 ali-

206 3733 269 3799 quid
289 3734 321 3786 de
341 3734 428 3786 reditu
447 3735 600 3801 promisisse
620 3733 662 3803 (et.
677 3734 735 3802 §52
756 3734 816 3787 ..si
834 3737 881 3786 alit
900 3750 973 3786 amor
986 3733 1014 3784 in
1032 3736 1058 3784 to
1071 3733 1112 3784 est
1125 3731 1208 3783 nostri
1227 3747 1258 3783 ac
1271 3733 1379 3783 tuorum

206 3826 253 3875 aut
272 3823 347 3876 ulla
365 3823 498 3876 veritas
517 3841 539 3876 e.
554 3841 579 3892 q.
593 3823 634 3892 s).
648 3824 721 3890 epV
733 3824 773 3880 Id,
788 3823 858 3876 Sext.
873 3823 979 3890 Epheso
1000 3823 1061 3874 data
1079 3822 1187 3873 ineunte
1202 3837 1294 3873 mense
1307 3819 1379 3887 Sept.

206 3911 317 3965 Romam
335 3913 446 3979 perferri
464 3915 567 3980 poterat
577 3913 621 3982 (ci.
630 3912 659 3966 Ο.
668 3912 696 3964 E.
705 3912 827 3966 Schmidt
839 3913 881 3966 1.1.
890 3930 915 3980 p.
924 3913 958 3980 8).
971 3929 1032 3965 oum
1047 3927 1109 3964 vcro
1124 3911 1215 3964 Cicero
1228 3927 1269 3977 ep.
1283 3911 1316 3962 ad
1325 3911 1380 3962 xtt.

206 4001 445 4055 iurandost.
465 4003 606 4070 scriberet,
626 4002 673 4055 ubi
691 4001 798 4056 Atticus
817 4004 890 4055 esset
907 4003 954 4054 aut
973 4001 1037 4070 quid
1056 4003 1147 4070 ageret
1164 3999 1242 4068 plane
1261 3999 1380 4052 incertus

139 4123 142 4131 ·
207 4091 271 4144 fuit:
300 4095 380 4160 atque
404 4092 427 4145 si
445 4093 478 4144 V.
498 4093 537 4147 Id.
557 4093 629 4146 Sext.
655 4093 792 4160 proximae
817 4092 900 4146 Attici
923 4092 1027 4145 litterae
1050 4092 1156 4159 Epheso
1181 4091 1270 4143 essent
1295 4091 1379 4156 datae,

207 4181 310 4234 dierum
329 4182 444 4250 amplius
468 4184 637 4253 septuaginta
659 4183 801 4237 intervallo
825 4182 914 4236 nullae
939 4183 972 4235 ab
991 4200 1021 4234 eo
1041 4182 1136 4234 allatae
1155 4182 1256 4244 essent,
1275 4185 1330 4246 ¹<rua
1348 4179 1380 4230 de

207 4287 236 4323 re
255 4273 346 4326 neseio
365 4291 398 4326 an
418 4275 471 4328 Cic.
491 4275 575 4342 ipsius
594 4277 748 4328 ostentarus
768 4275 848 4328 luerit
866 4273 1076 4327 admirationem.

297 4363 323 4432 4)
343 4364 382 4416 uti
400 4380 472 4417 nunc
491 4366 605 4418 notatur.
