3214 5074
673 312 883 374 „21-

189 487 340 550 mandata
364 486 402 550 dc
425 487 518 549 domo
542 487 709 550 invisenda
729 488 787 571 (ep.
803 488 842 550 ad
859 489 922 552 Att.
942 489 996 552 IV.
1023 493 1041 552 6
1063 492 1080 568 ξ
1099 491 1141 569 4),
1165 491 1364 572 insequenti

191 614 238 677 ep.
259 596 289 675 (ξ
309 598 340 674 3)
363 595 502 677 repetita.
527 601 688 677 praeterea
718 597 824 658 nescio
854 617 894 658 an
924 595 1032 659 Cicero
1056 598 1089 659 in
1114 617 1160 680 ep.
1184 598 1225 659 ad
1249 595 1308 671 ou.
1328 597 1363 661 fr.

191 701 231 764 H.
252 705 272 764 4
291 721 397 764 menso
418 701 531 767 Martio
546 702 631 789 ¹facta
651 704 830 766 continente
849 705 976 766 fratrem
995 705 1034 766 dc
1052 704 1186 767 Lentulo
1206 709 1331 767 mortuo
1342 707 1364 786 ¹)

191 809 355 872 certiorem
378 810 522 872 facturus
544 809 648 873 fuerit.
674 849 714 855 -
748 811 833 893 quod
857 829 932 873 vero
957 811 1145 875 Schuetzius
1169 832 1221 874 cas
1245 813 1364 875 litteras

190 935 298 980 mense
333 916 417 980 Maio
450 917 582 999 scriptas
619 923 708 1000 putat
743 919 801 1000 (ep.
832 918 872 980 ad
903 919 966 982 Att.
996 918 1051 981 IV.
1086 922 1105 982 6
1137 920 1363 982 accuratiorem

189 1025 341 1106 temporis
370 1026 564 1087 notationem
595 1025 711 1088 addere
740 1026 809 1107 ipse
840 1025 957 1107 omisit)
1006 1033 1036 1088 ct
1060 1026 1145 1089 undo
1176 1032 1206 1089 ct
1237 1027 1364 1109 quando

190 1131 279 1193 datae
304 1132 382 1210 sint,
406 1151 470 1193 non
497 1132 572 1194 satis
591 1131 748 1214 intellego,
774 1132 944 1214 imprimis,
969 1132 1054 1214 quod
1079 1134 1195 1214 nescio,
1220 1133 1297 1215 quid
1318 1154 1363 1216 ep.

189 1239 228 1300 ad
252 1240 395 1328 Atticum
418 1238 473 1301 IV.
499 1242 518 1302 7
530 1242 552 1318 2)
575 1238 689 1301 faciam
718 1240 749 1300 in
775 1239 922 1321 Arpinati
947 1244 982 1302 ut
1006 1240 1132 1302 videtur
1154 1242 1284 1323 scripta,
1309 1241 1365 1302 ubi

147 1392 148 1396 ,
192 1353 345 1429 quantum
370 1348 488 1409 scimus
513 1366 621 1410 mense
639 1347 723 1409 Maio
743 1367 784 1409 ne
806 1347 868 1409 fuit
892 1348 1022 1430 quidem
1042 1346 1159 1410 Cicera.
1184 1348 1238 1410 ubi
1258 1355 1364 1410 autem

192 1473 237 1537 ep.
257 1455 295 1518 ad
318 1454 490 1518 Lucceium
514 1456 630 1538 scripta
654 1455 708 1535 sit,
733 1473 770 1517 ea
793 1456 914 1518 ratione
937 1455 1031 1538 plane
1055 1455 1227 1518 obscurum
1250 1461 1364 1519 manet.

517 1607 965 1697 'mumma

190 1739 454 1803 Schuetzins:
481 1760 539 1804 scr.
558 1741 592 1802 in
616 1741 692 1804 villa
716 1742 863 1823 Arpinati
887 1761 995 1804 mense
1019 1740 1103 1804 Maio
1126 1763 1152 1803 a.
1172 1762 1202 1803 u.
1223 1761 1248 1806 c.
1268 1743 1341 1804 697.

191 1847 364 1911 Grubcr:
390 1868 434 1910 ca.
456 1847 500 1911 ld.
520 1849 596 1931 Apr.
616 1849 650 1910 in
673 1850 828 1940 Arpinati.
1171 1923 1177 1937 ⁹

190 1955 347 2018 Baiter:
374 1974 432 2017 scr.
452 1957 485 2016 in
508 1955 656 2037 Arpinati
679 1975 789 2018 mense
813 1956 888 2039 Apr.
909 1977 934 2020 a.
954 1977 984 2020 u.
1005 1976 1029 2018 c.
1051 1958 1124 2019 698.

189 2062 502 2145 Wesenbergins:
528 2082 586 2126 scr.
603 2064 636 2124 in
651 2063 797 2145 Arpinati
816 2084 925 2128 mense
943 2064 1019 2146 Apr.
1039 2063 1364 2147 (00.16.)0.11.0.698.
1479 2052 1482 2057 ’

280 2169 440 2251 Equidem
464 2170 522 2248 cio,
549 2189 630 2252 quae
659 2170 727 2232 dixi
747 2171 796 2252 (cf.
817 2191 846 2254 p.
867 2171 937 2252 20),
965 2171 1043 2232 nihil
1072 2170 1254 2233 addendum
1282 2170 1364 2233 arbi-

193 2281 266 2339 tror.
300 2276 422 2339 (imber
453 2283 560 2339 autem
590 2276 672 2339 hanc
703 2298 750 2360 ep.
775 2285 846 2341 ante
877 2299 923 2361 ep.
945 2281 964 2341 6
987 2278 1109 2361 posuit:
1142 2297 1271 2340 causam
1301 2297 1363 2339 non

195 2382 329 2463 addidit,
364 2384 495 2447 fortasse
532 2390 708 2447 commotus
745 2386 857 2448 nuntio
894 2386 932 2448 de
971 2383 1080 2460 Quinti
1113 2385 1236 2463 morbo,
1270 2405 1364 2466 quem

194 2491 330 2553 eundem
353 2497 476 2573 putaret
501 2511 569 2555 csse
593 2497 689 2574 atquc
708 2493 741 2553 in
767 2513 812 2576 cp.
833 2493 872 2555 ad
893 2491 951 2567 Qu.
970 2493 1006 2554 fr.
1026 2491 1066 2554 H.
1088 2494 1127 2553 ba
1147 2494 1204 2572 §2
1230 2511 1365 2554 comme-

192 2605 348 2662 moratum
372 2605 467 2682 atque
491 2598 596 2662 denuo
627 2599 805 2682 graviorem
835 2601 970 2678 factum,
1003 2619 1073 2662 oum
1100 2618 1174 2661 vero
1199 2598 1307 2661 Cicero
1332 2601 1366 2662 in

191 2725 237 2787 ep.
264 2705 302 2766 ad
328 2705 391 2769 Att.
419 2705 473 2768 IV.
499 2709 518 2769 6
549 2706 587 2768 dc
612 2704 722 2781 Quinti
753 2706 937 2769 valetudine
966 2725 1031 2768 non
1063 2712 1241 2788 quaereret,
1273 2726 1319 2788 ep.
1347 2711 1365 2768 7
1436 2755 1440 2764 .

190 2813 375 2876 antecedere
400 2832 469 2876 esso
492 2833 629 2878 necesse.
661 2813 716 2876 scd
747 2815 865 2876 scimus
895 2814 1024 2876 omnino
1056 2811 1210 2887 Quintum
1241 2813 1367 2875 infirma

190 2920 374 2983 valetudine
396 2921 531 3001 t'uisse,3)
555 2929 586 2984 et
610 2922 724 3004 quidni
743 2922 910 2984 credamus
934 2922 1106 2984 sollicitum
1124 2921 1223 2983 fuisse
1243 2921 1366 2984 Cicero-

190 3047 263 3090 nem
288 3028 326 3092 dc
347 3027 464 3104 Quinto
490 3049 553 3091 non
578 3035 643 3091 tam
663 3030 748 3111 qnod
771 3034 935 3112 aegrotum
955 3049 1027 3092 eum
1052 3029 1245 3110 reliquisset,
1271 3049 1366 3111 quam

190 3135 267 3217 ipsis
292 3134 459 3219 Chaerippi
482 3138 632 3198 monstris
656 3137 834 3198 nuntiatis?

588 3295 651 3377 Bp.
671 3295 727 3360 ad'
740 3293 815 3361 aa.
835 3295 897 3362 IV.
922 3295 970 3360 8a.

190 3421 454 3484 Schuetaius:
480 3441 538 3484 scr.
558 3422 649 3485 Antii
673 3441 782 3484 mense
805 3421 890 3486 Maio
914 3443 940 3485 a.
961 3442 990 3484 u.
1011 3441 1035 3486 c.
1057 3423 1129 3485 697.

190 3528 363 3591 Grubcr:
390 3548 415 3592 a.
437 3528 465 3591 d.
485 3527 540 3591 IV.
565 3527 610 3590 Id.
630 3528 707 3610 Apr.
1005 3533 1008 3538 '

189 3635 345 3698 Baiter:

189 3741 512 3826 Wesenbergius:

281 3848 416 3913 Gruberi
446 3852 635 3914 sententiam
665 3853 727 3913 iam
756 3851 897 3913 vidimus
926 3869 1034 3914 veram
1063 3869 1131 3913 esso
1161 3870 1226 3914 non
1256 3871 1364 3934 posse:

189 3958 313 4040 aliquid
342 3979 416 4021 cum
449 3961 549 4023 secuti
582 3960 690 4022 Baiter
721 3965 752 4022 et
782 3960 1031 4043 Wesenbergius
1064 3980 1205 4022 mensem
1237 3961 1367 4043 quidem

282 4101 307 4168 1)
328 4102 360 4153 ct'.
381 4117 421 4169 ep.
441 4101 474 4154 ad
494 4103 548 4154 Att.
569 4102 616 4156 IV.
636 4102 706 4156 6111.

280 4191 306 4259 2)
326 4191 393 4244 haec
413 4208 452 4260 ep.
467 4192 500 4244 ob
519 4208 577 4245 eam
597 4208 677 4260 quam
697 4192 753 4244 dixi
767 4194 801 4261 tp.
816 4193 859 4260 20)
874 4209 982 4246 causam
1001 4224 1034 4230 -
1049 4193 1177 4258 Quintum
1198 4193 1229 4247 fr.
1249 4194 1367 4248 noudum

190 4278 301 4333 rediisse
321 4280 407 4333 videri
426 4313 459 4319 —-
478 4283 539 4334 ante
558 4299 599 4350 ep.
620 4282 653 4333 ad
673 4282 723 4346 Qu.
743 4282 775 4337 fr.
794 4283 830 4338 H.
850 4283 867 4334 6
886 4283 985 4354 scripta
1003 4283 1039 4337 sit
1057 4299 1165 4339 necesso
1184 4285 1232 4340 est.

280 4371 308 4438 3)
327 4371 475 4425 Drumann.
495 4371 534 4424 Vl
553 4389 578 4442 p.
600 4372 658 4428 752.

584 3709 641 3753 scr.
661 3689 752 3750 Antii
777 3708 886 3752 mense
909 3690 985 3773 Apr.
1007 3709 1033 3752 a.
1054 3710 1082 3751 11.
1104 3710 1128 3751 c.
1150 3691 1223 3752 698.
